p,q,T
34538.53000000,0.01448000,1625679941194
34538.53000000,0.00549700,1625679942204
34538.50000000,0.00898300,1625679942204
34538.50000000,0.01181900,1625679942363
34531.98000000,0.01448000,1625679942363
34524.34000000,0.01448000,1625679943146
34549.99000000,0.01000000,1625679943664
34538.54000000,0.01448000,1625679944194
34532.02000000,0.01448000,1625679944476
34524.34000000,0.01448000,1625679945145
34524.37000000,0.01006400,1625679946148
34524.37000000,0.00441600,1625679946148
34524.37000000,0.01448000,1625679947146
34524.37000000,0.01510700,1625679947560
34524.99000000,0.01449000,1625679947560
34538.54000000,0.01448000,1625679948194
34537.92000000,0.01024400,1625679949196
34537.92000000,0.00423600,1625679949196
34537.92000000,0.01449000,1625679949591
34537.92000000,0.00682700,1625679950195
34537.92000000,0.00765300,1625679950195
34537.92000000,0.03476900,1625679950618
34531.99000000,0.01314300,1625679950731
34524.16000000,0.01448000,1625679951147
34499.99000000,0.01448100,1625679952170
34518.72000000,0.01446200,1625679953150
34489.99000000,0.01448100,1625679954148
34537.66000000,0.01448000,1625679955201
34531.99000000,0.01448000,1625679955767
34474.99000000,0.01448100,1625679956170
34522.20000000,0.01207800,1625679957148
34522.20000000,0.00237400,1625679957148
34522.20000000,0.03263000,1625679957654
34534.48000000,0.00796800,1625679958202
34534.48000000,0.00651200,1625679958202
34534.48000000,0.01451900,1625679958331
34534.48000000,0.01956700,1625679958656
34528.87000000,0.01448100,1625679958656
34521.33000000,0.01434600,1625679959149
34521.33000000,0.04439000,1625679959659
34521.33000000,0.00386900,1625679960148
34531.47000000,0.01448000,1625679960208
34534.49000000,0.02991000,1625679960662
34528.91000000,0.01061200,1625679960662
34521.33000000,0.00780400,1625679961148
34521.33000000,0.00667700,1625679961148
34521.33000000,0.04164900,1625679961662
34534.29000000,0.01448100,1625679962197
34534.29000000,0.01448100,1625679963202
34533.23000000,0.00423500,1625679964201
34533.23000000,0.01024600,1625679964201
34533.06000000,0.01448100,1625679965193
34533.06000000,0.05011700,1625679965687
34528.50000000,0.01421600,1625679965800
34518.72000000,0.01448100,1625679966153
34520.00000000,0.01448100,1625679967149
34520.23000000,0.01334900,1625679968147
34520.23000000,0.01348200,1625679968695
34532.01000000,0.01448100,1625679969196
34532.03000000,0.01448100,1625679970201
34532.17000000,0.01448100,1625679971208
34532.14000000,0.00894200,1625679972196
34532.14000000,0.00553900,1625679972196
34532.14000000,0.00933100,1625679973194
34532.14000000,0.00515000,1625679973194
34532.03000000,0.01340800,1625679974197
34532.03000000,0.01274700,1625679974757
34528.50000000,0.01448100,1625679974757
34520.23000000,0.01448100,1625679975150
34520.23000000,0.01149100,1625679976149
34520.23000000,0.00299000,1625679976149
34520.23000000,0.01448100,1625679977149
34520.23000000,0.01448100,1625679978150
34520.23000000,0.00794900,1625679978904
34533.21000000,0.01448100,1625679979194
34534.38000000,0.01448100,1625679980192
34528.83000000,0.01448100,1625679980985
34528.49000000,0.00918300,1625679981150
34537.23000000,0.00529500,1625679981876
34530.15000000,0.01447700,1625679982150
34539.99000000,0.01448000,1625679982994
34546.55000000,0.01447700,1625679983206
34546.55000000,0.01447700,1625679984196
34539.23000000,0.01447700,1625679984994
34530.15000000,0.01447700,1625679985151
34530.15000000,0.00415600,1625679986151
34530.15000000,0.00302500,1625679986151
34539.23000000,0.00516300,1625679987885
34545.16000000,0.01447700,1625679990202
34545.16000000,0.01447700,1625679991194
34542.25000000,0.01447700,1625679992197
34542.25000000,0.00337900,1625679992969
34542.25000000,0.01447600,1625679993204
34542.25000000,0.00792400,1625679993910
34542.14000000,0.01447600,1625679993910
34533.53000000,0.01447600,1625679994152
34533.53000000,0.05006500,1625679994972
34533.53000000,0.01428200,1625679995151
34542.15000000,0.01447600,1625679995210
34547.20000000,0.00289600,1625679995210
34549.99000000,0.00448000,1625679995210
34552.97000000,0.01649900,1625679995917
34552.97000000,0.01447600,1625679996197
34549.33000000,0.01447600,1625679997199
34550.70000000,0.01447600,1625679998197
34542.15000000,0.01447600,1625679999151
34533.95000000,0.01447500,1625679999152
34545.15000000,0.00901600,1625680000156
34545.15000000,0.00545800,1625680000216
34542.16000000,0.00482900,1625680001155
34559.99000000,0.01407400,1625680002043
34566.26000000,0.00672400,1625680002201
34568.78000000,0.00478400,1625680003206
34568.78000000,0.00478400,1625680003206
34565.46000000,0.01447100,1625680004201
34565.46000000,0.01447000,1625680005200
34555.77000000,0.01447000,1625680006163
34555.77000000,0.01447000,1625680006163
34546.74000000,0.01447000,1625680007157
34555.78000000,0.01447000,1625680007229
34565.47000000,0.01446900,1625680008202
34564.21000000,0.01446900,1625680009217
34546.05000000,0.01447000,1625680010179
34555.77000000,0.01447000,1625680011164
34555.66000000,0.01447000,1625680012205
34563.84000000,0.01447000,1625680013195
34554.38000000,0.01447000,1625680013265
34543.44000000,0.00603000,1625680014151
34543.44000000,0.00844000,1625680014151
34562.26000000,0.01447000,1625680015196
34562.26000000,0.01447000,1625680016202
34554.38000000,0.01447000,1625680016371
34543.44000000,0.01447000,1625680017151
34542.78000000,0.01447000,1625680018151
34542.78000000,0.02435000,1625680018354
34542.78000000,0.00853200,1625680019153
34559.99000000,0.03070300,1625680019406
34554.38000000,0.00593800,1625680019406
34543.22000000,0.00459600,1625680020151
34543.22000000,0.00987400,1625680020151
34543.22000000,0.03136300,1625680020366
34562.01000000,0.01447000,1625680021204
34562.01000000,0.01447000,1625680022206
34562.64000000,0.01447000,1625680023219
34555.77000000,0.01447000,1625680023320
34547.51000000,0.01447000,1625680024178
34547.11000000,0.01447000,1625680025152
34547.51000000,0.01447000,1625680026179
34547.51000000,0.01143000,1625680026211
34554.45000000,0.00946600,1625680026211
34562.01000000,0.01446800,1625680027206
34562.01000000,0.00983300,1625680027217
34565.04000000,0.01170400,1625680028218
34564.58000000,0.01446600,1625680029219
34573.86000000,0.01446700,1625680030305
34573.06000000,0.01446700,1625680031199
34570.89000000,0.01446700,1625680032199
34562.72000000,0.01446700,1625680032442
34551.22000000,0.01446600,1625680033152
34552.92000000,0.01446700,1625680034178
34551.22000000,0.01446700,1625680035152
34571.76000000,0.01446700,1625680036207
34557.40000000,0.01446900,1625680036466
34552.92000000,0.01008100,1625680037153
34552.92000000,0.00438400,1625680037153
34552.92000000,0.03125200,1625680037342
34572.80000000,0.01446700,1625680038200
34572.80000000,0.01060400,1625680038405
34572.80000000,0.01446600,1625680039203
34572.72000000,0.01446500,1625680040204
34574.66000000,0.01446400,1625680041197
34569.66000000,0.01446400,1625680041463
34559.29000000,0.01446400,1625680042153
34574.99000000,0.01447000,1625680042470
34575.20000000,0.03534800,1625680042470
34575.20000000,0.01401800,1625680042527
34576.87000000,0.01446400,1625680043210
34576.87000000,0.03138200,1625680043454
34570.64000000,0.01446400,1625680043454
34558.19000000,0.01446400,1625680044153
34559.11000000,0.01446300,1625680045157
34559.11000000,0.06054500,1625680045518
34559.11000000,0.01446300,1625680046152
34585.77000000,0.00813600,1625680048200
34585.77000000,0.00632500,1625680048200
34585.75000000,0.01446100,1625680049201
34589.99000000,0.01380900,1625680049518
34593.11000000,0.00289200,1625680050463
34593.13000000,0.01445700,1625680051197
34592.29000000,0.00914900,1625680052203
34597.51000000,0.00593600,1625680054203
34597.51000000,0.00852100,1625680054203
34597.51000000,0.00458700,1625680054468
34585.88000000,0.01445700,1625680054468
34574.60000000,0.01445700,1625680055152
34574.60000000,0.01572500,1625680055525
34574.60000000,0.01445800,1625680056176
34574.60000000,0.01094000,1625680056467
34592.30000000,0.01445600,1625680057201
34592.30000000,0.01983100,1625680057467
34587.40000000,0.01445700,1625680057467
34574.01000000,0.01445900,1625680058178
34573.89000000,0.00790400,1625680059154
34573.89000000,0.00655500,1625680059154
34573.89000000,0.05009600,1625680059469
34592.16000000,0.00301100,1625680060201
34592.16000000,0.01144800,1625680060201
34592.16000000,0.03978900,1625680060473
34582.77000000,0.01445900,1625680061303
34572.84000000,0.01445900,1625680062183
34572.84000000,0.02834200,1625680062686
34572.84000000,0.01445700,1625680063155
34598.51000000,0.01445700,1625680064202
34586.53000000,0.01445700,1625680064742
34578.78000000,0.01445500,1625680065154
34578.78000000,0.01445800,1625680066176
34574.50000000,0.01234100,1625680067155
34574.50000000,0.00211700,1625680067155
34597.61000000,0.01445500,1625680069201
34597.61000000,0.00485100,1625680069565
34597.61000000,0.01445500,1625680070205
34597.61000000,0.01445500,1625680071202
34599.11000000,0.01445500,1625680072201
34590.82000000,0.00544100,1625680072622
34590.82000000,0.00901400,1625680072681
34581.61000000,0.01154800,1625680073154
34598.13000000,0.01445500,1625680074205
34588.31000000,0.01445600,1625680074636
34582.73000000,0.01445500,1625680075155
34582.73000000,0.01126200,1625680076159
34582.73000000,0.00318900,1625680076159
34609.99000000,0.01445000,1625680077525
34620.06000000,0.00315200,1625680077973
34620.06000000,0.01444700,1625680078213
34620.80000000,0.01444800,1625680079208
34619.94000000,0.01031600,1625680080203
34619.94000000,0.00413300,1625680080203
34619.94000000,0.02362200,1625680080522
34619.94000000,0.00710200,1625680081206
34606.16000000,0.01444900,1625680081266
34560.00000000,0.00289000,1625680081449
34598.65000000,0.00917300,1625680081509
34619.04000000,0.00471500,1625680082207
34619.04000000,0.00973300,1625680082207
34615.36000000,0.00466600,1625680083206
34615.36000000,0.00882100,1625680083206
34607.16000000,0.01444800,1625680083509
34599.06000000,0.01444800,1625680084178
34624.99000000,0.00445000,1625680085651
34630.99000000,0.01444100,1625680086208
34621.93000000,0.00495500,1625680086653
34621.93000000,0.00948700,1625680086713
34612.41000000,0.00547300,1625680087159
34630.68000000,0.00951500,1625680088202
34630.68000000,0.00493100,1625680088202
34624.68000000,0.01444800,1625680089202
34608.41000000,0.01444800,1625680089655
34592.36000000,0.01444800,1625680090187
34620.31000000,0.01444800,1625680091208
34606.90000000,0.01444800,1625680091640
34597.29000000,0.01444800,1625680092154
34595.65000000,0.00979100,1625680093180
34597.29000000,0.00465800,1625680093180
34597.29000000,0.01000000,1625680093490
34592.63000000,0.01356000,1625680094180
34613.21000000,0.01445000,1625680095200
34622.78000000,0.01444700,1625680096208
34623.08000000,0.01444700,1625680097201
34610.76000000,0.01444700,1625680097699
34601.34000000,0.00835900,1625680098178
34601.34000000,0.00608800,1625680098178
34601.34000000,0.01878200,1625680098604
34623.12000000,0.01444800,1625680099200
34623.12000000,0.02639700,1625680099595
34623.12000000,0.01444900,1625680100213
34627.77000000,0.01444300,1625680102202
34627.77000000,0.01444600,1625680103210
34613.26000000,0.01444600,1625680103769
34603.94000000,0.01444600,1625680104156
34625.00000000,0.01000000,1625680104922
34625.00000000,0.01444600,1625680105201
34613.28000000,0.01444600,1625680105713
34602.10000000,0.01242400,1625680106156
34602.10000000,0.00202200,1625680106156
34602.10000000,0.04636800,1625680106712
34602.10000000,0.01444600,1625680107154
34602.10000000,0.00249600,1625680107579
34627.77000000,0.01412100,1625680108200
34627.77000000,0.03083400,1625680108582
34627.77000000,0.01444500,1625680109201
34627.77000000,0.01738200,1625680109584
34615.01000000,0.01444500,1625680109584
34606.77000000,0.00316300,1625680110156
34606.77000000,0.01128200,1625680110156
34606.77000000,0.05454200,1625680110585
34627.84000000,0.00701500,1625680111208
34627.84000000,0.00742900,1625680111208
34627.84000000,0.02204900,1625680111590
34627.84000000,0.01444400,1625680112205
34627.84000000,0.00904100,1625680112597
34618.58000000,0.01444400,1625680112718
34606.63000000,0.00805200,1625680113155
34625.87000000,0.01444500,1625680115204
34623.99000000,0.01444300,1625680116210
34623.99000000,0.02848700,1625680116733
34623.99000000,0.01444500,1625680117209
34627.16000000,0.01444500,1625680118209
34623.51000000,0.01444500,1625680119202
34623.51000000,0.01194500,1625680120208
34616.36000000,0.01444500,1625680121833
34609.81000000,0.01444200,1625680122156
34631.05000000,0.01444200,1625680123209
34623.10000000,0.00661100,1625680124097
34623.10000000,0.00783100,1625680124153
34614.93000000,0.01444200,1625680124156
34616.28000000,0.01443400,1625680125163
34639.99000000,0.01442800,1625680126175
34649.99000000,0.01444000,1625680126804
34659.67000000,0.00869200,1625680126804
34659.99000000,0.01443000,1625680126804
34665.51000000,0.01220400,1625680127210
34665.51000000,0.00222300,1625680127210
34665.51000000,0.03925300,1625680127696
34659.38000000,0.01442700,1625680127696
34645.66000000,0.01442700,1625680128184
34644.36000000,0.01442700,1625680129181
34644.36000000,0.03260800,1625680129753
34669.77000000,0.01204900,1625680130206
34669.77000000,0.00238300,1625680130206
34669.99000000,0.01443100,1625680131212
34669.99000000,0.01129200,1625680131403
34669.99000000,0.02621300,1625680131704
34648.17000000,0.01443100,1625680131704
34641.80000000,0.01442800,1625680132160
34641.93000000,0.00397000,1625680133158
34641.93000000,0.01045800,1625680133158
34648.14000000,0.01442700,1625680134157
34648.14000000,0.01208500,1625680135157
34648.18000000,0.00234200,1625680135157
34650.89000000,0.01442200,1625680136161
34664.15000000,0.01442100,1625680137161
34664.15000000,0.03398800,1625680137705
34674.99000000,0.01443000,1625680137705
34683.97000000,0.01441800,1625680138208
34683.46000000,0.01328100,1625680139212
34683.46000000,0.02427700,1625680139707
34683.46000000,0.00455600,1625680140212
34670.00000000,0.01233700,1625680140270
34670.00000000,0.00208500,1625680140707
34659.63000000,0.01441800,1625680141159
34684.54000000,0.01442000,1625680142211
34682.27000000,0.01442100,1625680143205
34672.68000000,0.01442100,1625680143924
34667.69000000,0.01441800,1625680144159
34684.14000000,0.01441900,1625680145205
34684.26000000,0.01441900,1625680146206
34681.98000000,0.01441700,1625680148125
34667.69000000,0.01442000,1625680148195
34667.69000000,0.01442000,1625680149166
34667.69000000,0.00510700,1625680150160
34668.11000000,0.00814800,1625680150160
34669.18000000,0.01169000,1625680151184
34679.44000000,0.00272800,1625680151326
34670.03000000,0.00755400,1625680152161
34689.99000000,0.01442000,1625680153272
34690.78000000,0.01441700,1625680154205
34690.78000000,0.01441700,1625680155207
34690.78000000,0.02329100,1625680155356
34690.78000000,0.01441700,1625680156207
34690.23000000,0.01441800,1625680157207
34690.00000000,0.01441500,1625680158207
34691.15000000,0.01441700,1625680159211
34683.18000000,0.01441700,1625680159358
34675.17000000,0.01374500,1625680160194
34675.17000000,0.03556500,1625680160303
34690.00000000,0.00288300,1625680161210
34689.98000000,0.00646700,1625680161210
34689.98000000,0.00507000,1625680161210
34687.75000000,0.01442700,1625680162211
34699.99000000,0.00288400,1625680162862
34671.05000000,0.00430900,1625680163212
34659.17000000,0.01442700,1625680163304
34644.82000000,0.01442600,1625680164159
34645.63000000,0.00826600,1625680165159
34645.63000000,0.00616000,1625680165159
34645.63000000,0.01273300,1625680165340
34673.31000000,0.01442600,1625680166205
34672.94000000,0.01442700,1625680167205
34672.94000000,0.03578900,1625680167402
34672.94000000,0.01443000,1625680168212
34672.94000000,0.00757500,1625680168343
34651.15000000,0.01443000,1625680168461
34640.00000000,0.01444000,1625680168461
34636.42000000,0.01443000,1625680169159
34638.63000000,0.00765400,1625680170156
34653.81000000,0.00677500,1625680170416
34638.57000000,0.01442800,1625680171158
34672.05000000,0.08083200,1625680171580
34672.05000000,0.05101100,1625680171580
34625.00000000,0.01445000,1625680171580
34610.00000000,0.01445000,1625680171580
34600.00000000,0.01446000,1625680171580
34590.00000000,0.01446000,1625680171580
34575.77000000,0.01443000,1625680172191
34575.77000000,0.00686500,1625680172721
34575.77000000,0.01443000,1625680173159
34575.77000000,0.01442900,1625680174158
34575.77000000,0.01442800,1625680175159
34575.77000000,0.01000000,1625680175927
34575.77000000,0.01442800,1625680176158
34575.77000000,0.01442800,1625680177160
34575.77000000,0.01442800,1625680178162
34575.77000000,0.01442700,1625680179158
34575.77000000,0.01442800,1625680180181
34575.77000000,0.01442800,1625680181159
34575.77000000,0.01443400,1625680182192
34575.77000000,0.01443300,1625680183158
34575.77000000,0.01443100,1625680184160
34575.77000000,0.01443600,1625680185187
34575.77000000,0.01443600,1625680186158
34575.77000000,0.01443200,1625680187159
34575.77000000,0.01443200,1625680188161
34575.77000000,0.01443200,1625680189162
34575.77000000,0.01443200,1625680190158
34575.77000000,0.01443200,1625680191183
34575.77000000,0.01443500,1625680192187
34575.77000000,0.01443500,1625680193159
34575.77000000,0.01443500,1625680194184
34575.77000000,0.01443500,1625680195158
34575.77000000,0.01443500,1625680196157
34575.77000000,0.01443500,1625680197159
34575.77000000,0.01443500,1625680198160
34575.77000000,0.01443500,1625680199158
34575.77000000,0.01443500,1625680200163
34575.77000000,0.01443500,1625680201158
34575.77000000,0.01443500,1625680202160
34575.77000000,0.01443500,1625680203158
34575.77000000,0.00578400,1625680203599
34575.77000000,0.00723000,1625680203604
34575.77000000,0.00723000,1625680203610
34575.77000000,0.01443500,1625680204160
34575.77000000,0.01443500,1625680205186
34575.77000000,0.01443500,1625680206158
34575.77000000,0.01443500,1625680207183
34575.77000000,0.01443400,1625680208160
34575.77000000,0.01443400,1625680209160
34575.77000000,0.01443200,1625680210161
34575.77000000,0.00334200,1625680210691
34575.77000000,0.00334200,1625680210745
34575.77000000,0.01443100,1625680211160
34575.77000000,0.01443100,1625680212159
34575.77000000,0.01442800,1625680213158
34575.77000000,0.01442800,1625680214160
34575.77000000,0.01442800,1625680215181
34575.77000000,0.01442800,1625680216159
34575.77000000,0.01442900,1625680217184
34575.77000000,0.01442900,1625680218183
34575.77000000,0.01443100,1625680219186
34575.77000000,0.01443100,1625680220187
34575.77000000,0.01443100,1625680221164
34575.77000000,0.01443100,1625680222166
34575.77000000,0.01443100,1625680223161
34575.77000000,0.01070500,1625680224160
34636.40000000,0.00372600,1625680224160
34638.03000000,0.01443100,1625680225187
34638.11000000,0.01443100,1625680226166
34638.28000000,0.01443100,1625680227163
34638.28000000,0.03762500,1625680227780
34638.28000000,0.01442900,1625680228170
34579.23000000,0.01000000,1625680229161
34639.99000000,0.00442900,1625680229161
34639.99000000,0.01001100,1625680229919
34642.81000000,0.02633500,1625680229919
34642.81000000,0.01442900,1625680230161
34645.95000000,0.01442900,1625680231158
34641.90000000,0.01443100,1625680232186
34641.90000000,0.03323500,1625680232994
34641.90000000,0.01443200,1625680233188
34641.90000000,0.00768000,1625680233934
34649.99000000,0.00326900,1625680233934
34649.99000000,0.01117100,1625680234050
34655.39000000,0.01443300,1625680234216
34655.39000000,0.03947500,1625680234938
34643.79000000,0.01443300,1625680234938
34630.01000000,0.00680500,1625680235188
34630.01000000,0.00763000,1625680235188
34633.15000000,0.01443500,1625680236165
34633.15000000,0.02706900,1625680236941
34649.99000000,0.01443500,1625680237213
34640.12000000,0.01443500,1625680238048
34630.13000000,0.01443500,1625680238166
34649.50000000,0.01443500,1625680239183
34640.00000000,0.01443500,1625680240061
34629.56000000,0.01443500,1625680240156
34648.00000000,0.01443500,1625680241178
34648.00000000,0.01443500,1625680242174
34647.53000000,0.01443500,1625680243186
34646.76000000,0.01443500,1625680244182
34646.76000000,0.03524500,1625680245016
34646.76000000,0.01443500,1625680245180
34646.76000000,0.01343700,1625680245957
34639.97000000,0.00236300,1625680245957
34639.97000000,0.01207200,1625680246070
34630.00000000,0.01443500,1625680246156
34630.00000000,0.04329500,1625680246958
34644.25000000,0.01443600,1625680247189
34644.28000000,0.01443600,1625680248180
34637.68000000,0.01443600,1625680249071
34624.68000000,0.01443800,1625680249164
34643.69000000,0.01443500,1625680250178
34643.69000000,0.01443300,1625680251023
34643.69000000,0.01443500,1625680251181
34643.69000000,0.00252300,1625680251972
34639.62000000,0.01443500,1625680252090
34630.92000000,0.00505600,1625680252156
34639.62000000,0.00937900,1625680252976
34631.12000000,0.01443500,1625680253154
34631.12000000,0.00473200,1625680254156
34631.12000000,0.00970300,1625680254156
34630.04000000,0.01443500,1625680255156
34647.58000000,0.01443500,1625680256180
34639.62000000,0.01443500,1625680257093
34630.00000000,0.00269400,1625680257155
34639.62000000,0.01116300,1625680257999
34630.00000000,0.01154900,1625680258155
34646.43000000,0.01443500,1625680259181
34644.86000000,0.01443600,1625680260180
34644.86000000,0.00756900,1625680261059
34644.86000000,0.01443600,1625680261181
34644.86000000,0.01443600,1625680262176
34647.72000000,0.01443600,1625680263185
34647.72000000,0.01443600,1625680264181
34637.85000000,0.01443600,1625680265127
34629.56000000,0.00559800,1625680265155
34637.85000000,0.00630100,1625680265185
34637.85000000,0.00858500,1625680267014
34637.85000000,0.00517800,1625680267068
34630.01000000,0.00340700,1625680267156
34637.85000000,0.01102900,1625680268012
34634.16000000,0.01251100,1625680268160
34650.00000000,0.01443400,1625680270188
34652.34000000,0.01443400,1625680271201
34651.72000000,0.01443400,1625680272177
34642.25000000,0.01443400,1625680273148
34633.29000000,0.01443400,1625680273157
34651.32000000,0.01443300,1625680274184
34655.00000000,0.01443400,1625680276194
34655.00000000,0.00288300,1625680276804
34655.00000000,0.01698200,1625680277091
34655.00000000,0.01443400,1625680277183
34655.38000000,0.01443200,1625680278183
34646.20000000,0.01443200,1625680279152
34635.94000000,0.01443400,1625680279157
34655.17000000,0.01443200,1625680280178
34655.38000000,0.00288600,1625680281182
34646.19000000,0.01154600,1625680281184
34647.73000000,0.01443100,1625680284272
34639.90000000,0.01443100,1625680285158
34658.54000000,0.00749400,1625680287114
34658.54000000,0.01442900,1625680287188
34658.54000000,0.01442900,1625680288183
34659.99000000,0.01443000,1625680288235
34662.95000000,0.00718200,1625680289181
34662.95000000,0.01442700,1625680290205
34671.84000000,0.00729400,1625680292183
34671.84000000,0.00713200,1625680292183
34659.99000000,0.01442600,1625680292376
34652.46000000,0.01442600,1625680293159
34652.47000000,0.01442600,1625680294162
34649.58000000,0.01442600,1625680295155
34649.58000000,0.00229000,1625680296158
34649.58000000,0.01213600,1625680296158
34649.58000000,0.01764700,1625680296299
34669.98000000,0.01442600,1625680297188
34669.52000000,0.01442600,1625680298181
34669.52000000,0.00686200,1625680298299
34670.00000000,0.01442600,1625680299180
34660.79000000,0.01442600,1625680299420
34652.46000000,0.01442500,1625680300159
34652.46000000,0.01414200,1625680300244
34670.00000000,0.01442500,1625680302182
34671.38000000,0.01442500,1625680303185
34672.98000000,0.01086100,1625680304185
34670.00000000,0.00356300,1625680304185
34672.90000000,0.01442400,1625680305183
34665.14000000,0.01442400,1625680305425
34672.98000000,0.01442400,1625680308184
34663.74000000,0.01442500,1625680311228
34651.71000000,0.01442600,1625680312171
34648.30000000,0.01442600,1625680313160
34664.81000000,0.01676500,1625680315178
34664.81000000,0.01442900,1625680315185
34659.94000000,0.01442900,1625680316187
34659.94000000,0.01006800,1625680317181
34667.02000000,0.01091900,1625680318200
34652.46000000,0.01442900,1625680319127
34647.02000000,0.01442900,1625680319161
34647.02000000,0.01442900,1625680320174
34647.02000000,0.01636400,1625680320196
34647.02000000,0.02060600,1625680321130
34647.02000000,0.01443000,1625680321175
34660.79000000,0.03822900,1625680323155
34652.42000000,0.01443000,1625680323155
34638.55000000,0.00421000,1625680323158
34652.42000000,0.01022000,1625680323214
34638.55000000,0.02677500,1625680324144
34659.99000000,0.01443000,1625680324189
34659.99000000,0.01443000,1625680325182
34659.29000000,0.01443200,1625680326189
34646.18000000,0.01443200,1625680326254
34637.68000000,0.01443200,1625680327160
34635.83000000,0.01443200,1625680328169
34652.43000000,0.01443200,1625680329184
34646.14000000,0.01443200,1625680329271
34633.40000000,0.01443200,1625680330160
34652.39000000,0.01443200,1625680331181
34652.43000000,0.01443200,1625680332198
34652.43000000,0.00701300,1625680333183
34652.43000000,0.00741900,1625680333183
34652.43000000,0.00731500,1625680333241
34652.43000000,0.00462200,1625680334194
34652.39000000,0.00981000,1625680334194
34652.39000000,0.01443200,1625680335191
34652.39000000,0.01443200,1625680336179
34646.06000000,0.01443200,1625680336297
34635.48000000,0.01443200,1625680337160
34652.47000000,0.01443200,1625680338179
34652.47000000,0.00931000,1625680339186
34652.47000000,0.00512200,1625680339186
34646.06000000,0.01443200,1625680339309
34636.20000000,0.01443200,1625680340163
34636.41000000,0.01443200,1625680341160
34636.21000000,0.01443200,1625680342160
34635.45000000,0.01443200,1625680343160
34635.48000000,0.01342600,1625680344159
34636.20000000,0.00769000,1625680345171
34650.09000000,0.01443300,1625680346181
34651.90000000,0.01443300,1625680347193
34650.92000000,0.01443300,1625680348194
34650.92000000,0.00638000,1625680348458
34650.92000000,0.01443300,1625680349182
34650.74000000,0.01443300,1625680350185
34644.97000000,0.01443300,1625680350515
34635.45000000,0.01443300,1625680351160
34635.45000000,0.01965200,1625680351534
34635.45000000,0.01443300,1625680352175
34632.69000000,0.01443400,1625680353176
34649.41000000,0.01443400,1625680354197
34640.47000000,0.01443400,1625680354646
34633.40000000,0.01348700,1625680355159
34633.40000000,0.00249900,1625680356174
34647.76000000,0.01443500,1625680358189
34647.76000000,0.01391700,1625680358629
34647.76000000,0.01443500,1625680359221
34647.76000000,0.00268400,1625680359555
34639.99000000,0.01194900,1625680359555
34639.99000000,0.00248600,1625680359669
34633.24000000,0.01443500,1625680360159
34633.24000000,0.01443500,1625680361162
34633.24000000,0.01379500,1625680362162
34648.26000000,0.01443500,1625680363186
34639.99000000,0.01443500,1625680363666
34631.37000000,0.00425800,1625680364172
34631.37000000,0.00425800,1625680364172
34646.44000000,0.01443500,1625680365215
34646.44000000,0.00350200,1625680365677
34646.44000000,0.01443500,1625680366184
34646.44000000,0.01443400,1625680367194
34642.27000000,0.01443400,1625680367960
34634.50000000,0.01438600,1625680368163
34634.50000000,0.02134200,1625680368860
34649.67000000,0.01443400,1625680369188
34649.67000000,0.01443400,1625680370193
34649.30000000,0.01443400,1625680371184
34648.83000000,0.03619300,1625680373018
34642.29000000,0.01094200,1625680373018
34642.29000000,0.00349200,1625680373129
34637.22000000,0.01443300,1625680373163
34644.48000000,0.00616900,1625680374166
34655.23000000,0.00601900,1625680375046
34655.23000000,0.00576800,1625680375991
34655.23000000,0.01442900,1625680377189
34655.23000000,0.01442900,1625680378185
34665.72000000,0.01442900,1625680379187
34665.66000000,0.01442900,1625680380215
34665.66000000,0.01442600,1625680381187
34665.66000000,0.01969600,1625680382048
34665.66000000,0.01442800,1625680382185
34662.95000000,0.01443000,1625680383186
34660.79000000,0.01443000,1625680384188
34655.23000000,0.02583100,1625680385004
34655.23000000,0.01876100,1625680385059
34655.23000000,0.01443200,1625680385194
34655.23000000,0.01443200,1625680386192
34655.23000000,0.02708300,1625680386998
34655.23000000,0.02708300,1625680387056
34655.23000000,0.01443300,1625680387186
34655.23000000,0.01443400,1625680388192
34655.23000000,0.01443400,1625680389190
34655.23000000,0.01443400,1625680390190
34655.23000000,0.01443400,1625680391187
34655.23000000,0.01443400,1625680392189
34655.23000000,0.01443300,1625680393189
34655.23000000,0.00369200,1625680394024
34655.23000000,0.00369200,1625680394078
34655.23000000,0.01443300,1625680394187
34655.23000000,0.01443200,1625680395190
34656.29000000,0.01443300,1625680396191
34656.29000000,0.01443200,1625680397190
34656.29000000,0.01443400,1625680398189
34656.29000000,0.01443400,1625680399186
34656.29000000,0.03948700,1625680399975
34656.29000000,0.01443400,1625680400192
34656.29000000,0.01443400,1625680401191
34656.29000000,0.00656400,1625680402197
34655.23000000,0.00787000,1625680402197
34655.23000000,0.01443400,1625680403185
34655.23000000,0.01443400,1625680404187
34655.23000000,0.05179200,1625680404321
34655.23000000,0.01443400,1625680405187
34655.23000000,0.01443400,1625680406188
34655.23000000,0.01443400,1625680407187
34655.23000000,0.01046500,1625680408054
34655.23000000,0.01534600,1625680408107
34655.23000000,0.01443400,1625680408191
34655.23000000,0.01443400,1625680409189
34655.23000000,0.01443400,1625680410187
34655.23000000,0.01443400,1625680411190
34655.23000000,0.01443400,1625680412198
34655.23000000,0.01443400,1625680413193
34655.23000000,0.01443400,1625680414187
34655.23000000,0.01443400,1625680415191
34655.23000000,0.01443500,1625680416190
34655.23000000,0.01443600,1625680417189
34655.23000000,0.01443600,1625680418189
34655.23000000,0.00786200,1625680418421
34655.23000000,0.00786200,1625680418486
34655.23000000,0.01443600,1625680419192
34655.23000000,0.01443700,1625680420189
34655.23000000,0.01443700,1625680421189
34655.23000000,0.01443700,1625680422189
34655.23000000,0.01443700,1625680423188
34655.23000000,0.01443700,1625680424187
34655.23000000,0.01443700,1625680425194
34655.23000000,0.01443700,1625680426191
34655.23000000,0.01443700,1625680427188
34655.23000000,0.01443600,1625680428196
34655.23000000,0.01443600,1625680429191
34655.23000000,0.01443700,1625680430187
34655.23000000,0.01443500,1625680431193
34655.23000000,0.01443500,1625680432187
34655.23000000,0.01443400,1625680433201
34655.23000000,0.01443400,1625680434188
34655.23000000,0.01443400,1625680435188
34655.23000000,0.01443300,1625680436192
34655.23000000,0.01443300,1625680437194
34653.17000000,0.01443300,1625680438191
34653.17000000,0.01443300,1625680439197
34650.68000000,0.01443300,1625680440192
34650.68000000,0.01443300,1625680441194
34651.29000000,0.01443300,1625680442192
34651.29000000,0.01443300,1625680443187
34644.92000000,0.01443300,1625680443317
34635.05000000,0.01443300,1625680444166
34650.79000000,0.01443300,1625680445188
34644.92000000,0.01443300,1625680445384
34635.71000000,0.00926300,1625680446175
34635.71000000,0.00517100,1625680446175
34635.71000000,0.00409200,1625680447166
34648.61000000,0.01443300,1625680448194
34649.97000000,0.01443300,1625680449195
34648.92000000,0.00881300,1625680450193
34648.92000000,0.00562000,1625680450193
34648.92000000,0.01443300,1625680451192
34648.55000000,0.01443300,1625680452193
34648.55000000,0.00601400,1625680453194
34648.14000000,0.00842200,1625680453194
34648.14000000,0.00467000,1625680453347
34635.03000000,0.01443700,1625680453347
34626.50000000,0.01443700,1625680454166
34643.76000000,0.01443500,1625680455196
34643.76000000,0.01282800,1625680456193
34640.00000000,0.01443500,1625680456484
34629.05000000,0.01443500,1625680457164
34630.00000000,0.01443500,1625680458167
34646.73000000,0.01443400,1625680459191
34646.18000000,0.00955800,1625680460191
34646.18000000,0.00487600,1625680460191
34648.03000000,0.01443400,1625680461195
34648.03000000,0.02306000,1625680461497
34642.34000000,0.01443400,1625680461497
34634.17000000,0.01443400,1625680462165
34634.17000000,0.03350600,1625680462655
34634.17000000,0.01443400,1625680463169
34634.07000000,0.01443400,1625680464166
34646.20000000,0.01443400,1625680465193
34647.06000000,0.01443300,1625680466193
34647.06000000,0.03122200,1625680466636
34647.06000000,0.01443300,1625680467191
34643.36000000,0.01443300,1625680467641
34635.00000000,0.00504200,1625680468165
34647.06000000,0.01443300,1625680469193
34647.06000000,0.01443300,1625680470195
34647.06000000,0.01443300,1625680471203
34647.06000000,0.00288600,1625680471586
34643.36000000,0.01443300,1625680471798
34632.85000000,0.01443400,1625680472185
34645.28000000,0.01403700,1625680473188
34644.88000000,0.00403700,1625680474193
34644.88000000,0.01039800,1625680474193
34644.88000000,0.01443500,1625680475194
34644.88000000,0.00986100,1625680476188
34640.00000000,0.01443500,1625680476699
34632.85000000,0.00288700,1625680476699
34631.76000000,0.01443500,1625680477166
34644.64000000,0.01443500,1625680478190
34640.00000000,0.01443500,1625680478817
34631.76000000,0.01443500,1625680479168
34631.70000000,0.01443500,1625680480165
34631.70000000,0.01335200,1625680481167
34631.70000000,0.01443500,1625680482170
34631.70000000,0.00378000,1625680483165
34631.70000000,0.01065500,1625680483165
34631.76000000,0.01443500,1625680484167
34631.76000000,0.00461000,1625680484796
34644.93000000,0.01443500,1625680485242
34645.70000000,0.01443500,1625680486194
34645.28000000,0.00533100,1625680487228
34645.28000000,0.00910400,1625680487228
34645.70000000,0.00262200,1625680488200
34645.70000000,0.01181300,1625680488200
34645.70000000,0.01251300,1625680489154
34640.00000000,0.01169600,1625680489154
34640.00000000,0.01443500,1625680489268
34631.46000000,0.01156600,1625680490168
34640.00000000,0.00286900,1625680490177
34631.46000000,0.01847100,1625680491014
34645.00000000,0.01443500,1625680491187
34644.98000000,0.00477100,1625680493025
34644.98000000,0.01443400,1625680493189
34644.98000000,0.02462900,1625680493992
34640.00000000,0.01443500,1625680494113
34631.76000000,0.01443500,1625680494167
34640.00000000,0.00298000,1625680495243
34644.98000000,0.01443500,1625680496190
34644.98000000,0.01443500,1625680497188
34644.98000000,0.01443500,1625680498212
34645.00000000,0.01443500,1625680499187
34640.00000000,0.01443500,1625680499429
34631.76000000,0.01443500,1625680500168
34630.01000000,0.01443400,1625680501167
34630.01000000,0.01443400,1625680502165
34630.01000000,0.00715800,1625680503167
34633.00000000,0.00727600,1625680503167
34633.00000000,0.01368300,1625680503577
34645.99000000,0.01443400,1625680504191
34645.99000000,0.01443400,1625680505207
34646.72000000,0.01150300,1625680506187
34646.72000000,0.00293100,1625680506187
34646.72000000,0.00844600,1625680506388
34646.72000000,0.01443400,1625680507188
34646.72000000,0.00469800,1625680507394
34642.12000000,0.01443400,1625680507394
34632.50000000,0.01443400,1625680508167
34632.50000000,0.01119700,1625680509176
34632.51000000,0.00323800,1625680509176
34630.67000000,0.01443500,1625680510183
34631.76000000,0.01443300,1625680511167
34631.76000000,0.01412000,1625680512179
34647.63000000,0.01443300,1625680513194
34647.63000000,0.01443300,1625680514192
34674.99000000,0.00721800,1625680514948
34674.99000000,0.00576800,1625680514995
34648.37000000,0.01443300,1625680515194
34648.36000000,0.00663500,1625680516195
34648.36000000,0.00779800,1625680516195
34648.36000000,0.01443300,1625680517193
34648.36000000,0.04367200,1625680517719
34648.36000000,0.01443300,1625680518189
34643.51000000,0.01443300,1625680518717
34636.60000000,0.01443300,1625680519168
34647.84000000,0.01443300,1625680520192
34647.84000000,0.01443300,1625680521188
34643.51000000,0.01443300,1625680521831
34636.56000000,0.01443300,1625680522168
34646.90000000,0.01443300,1625680523193
34647.66000000,0.01443300,1625680524198
34643.48000000,0.01443300,1625680524847
34636.56000000,0.00822000,1625680525169
34636.56000000,0.00621300,1625680525169
34635.64000000,0.00564300,1625680526169
34646.88000000,0.01443300,1625680527195
34646.88000000,0.01443300,1625680528191
34646.90000000,0.01443300,1625680529191
34646.89000000,0.01443300,1625680530193
34646.89000000,0.00200000,1625680530657
34646.74000000,0.00318600,1625680531192
34646.74000000,0.01124700,1625680531192
34646.73000000,0.01443300,1625680532190
34646.73000000,0.01288400,1625680533198
34646.73000000,0.00301300,1625680534194
34640.38000000,0.01443500,1625680534908
34634.07000000,0.01443500,1625680535178
34634.08000000,0.01443500,1625680536168
34634.27000000,0.01443500,1625680537167
34633.00000000,0.01443500,1625680538180
34633.00000000,0.05076200,1625680539060
34633.00000000,0.01443500,1625680539169
34633.00000000,0.00818500,1625680540118
34644.00000000,0.01443500,1625680541188
34644.64000000,0.01088200,1625680542199
34644.93000000,0.01443400,1625680543196
34644.93000000,0.03658600,1625680544121
34640.98000000,0.01443400,1625680544121
34635.01000000,0.01443400,1625680544170
34635.01000000,0.01443400,1625680545168
34635.09000000,0.01443400,1625680546171
34635.09000000,0.02769700,1625680546211
34640.98000000,0.01443400,1625680547176
34644.92000000,0.01443400,1625680548196
34640.94000000,0.01443400,1625680551239
34633.00000000,0.01443400,1625680552169
34644.87000000,0.01443400,1625680554191
34644.92000000,0.01443400,1625680555189
34644.92000000,0.01443400,1625680556195
34644.87000000,0.01223100,1625680557192
34644.87000000,0.00220300,1625680557192
34644.64000000,0.01056600,1625680558190
34644.64000000,0.00386800,1625680558190
34644.64000000,0.07407300,1625680558372
34640.90000000,0.00886300,1625680558372
34640.90000000,0.00557100,1625680558488
34634.34000000,0.01443400,1625680559178
34634.07000000,0.01443400,1625680560170
34634.49000000,0.01443400,1625680561172
34634.49000000,0.01443400,1625680562171
34634.49000000,0.01127400,1625680562482
34646.73000000,0.01443400,1625680563196
34646.73000000,0.01560600,1625680563543
34646.73000000,0.01443400,1625680564199
34646.73000000,0.01443400,1625680565195
34646.73000000,0.01562000,1625680565503
34642.33000000,0.00393400,1625680565503
34642.33000000,0.01050000,1625680565615
34635.53000000,0.01443400,1625680566182
34635.51000000,0.00697800,1625680567168
34642.33000000,0.00383400,1625680567502
34645.37000000,0.01443400,1625680569196
34642.33000000,0.00964500,1625680569803
34642.33000000,0.00478900,1625680569862
34635.18000000,0.01443400,1625680570168
34635.18000000,0.01814300,1625680570687
34645.27000000,0.01443400,1625680571193
34642.33000000,0.01443400,1625680571802
34635.00000000,0.01443400,1625680572171
34645.68000000,0.01443400,1625680573197
34645.68000000,0.01443400,1625680574193
34645.68000000,0.02779700,1625680574802
34645.68000000,0.01443400,1625680575197
34642.33000000,0.01443400,1625680575829
34635.01000000,0.01443400,1625680576175
34635.01000000,0.00209800,1625680576773
34646.04000000,0.01443400,1625680577195
34645.99000000,0.01443400,1625680578189
34645.99000000,0.01968300,1625680578863
34645.99000000,0.01443400,1625680579197
34645.99000000,0.00924500,1625680579897
34642.33000000,0.00960800,1625680579897
34642.33000000,0.00482600,1625680580012
34635.00000000,0.01443400,1625680580171
34635.00000000,0.03815700,1625680580897
34645.69000000,0.01443400,1625680581192
34645.69000000,0.01400100,1625680581962
34645.69000000,0.01443400,1625680582189
34645.69000000,0.01443400,1625680583196
34645.68000000,0.00888200,1625680584191
34645.68000000,0.00460300,1625680584191
34645.68000000,0.01443400,1625680585205
34646.79000000,0.01442900,1625680586180
34665.00000000,0.01442800,1625680587191
34664.90000000,0.01442800,1625680588195
34664.63000000,0.01186600,1625680589198
34655.00000000,0.00256200,1625680589208
34664.20000000,0.01442800,1625680590196
34664.20000000,0.02019200,1625680591107
34654.99000000,0.01442800,1625680591107
34649.14000000,0.01442800,1625680591171
34643.04000000,0.00226000,1625680592179
34654.58000000,0.01216900,1625680592181
34643.04000000,0.03559400,1625680593094
34660.79000000,0.01442800,1625680593198
34661.55000000,0.00625500,1625680594190
34661.55000000,0.00817300,1625680594190
34662.55000000,0.00743800,1625680595190
34660.79000000,0.00699000,1625680595190
34662.50000000,0.01442800,1625680596190
34662.50000000,0.01442800,1625680597191
34662.50000000,0.00608200,1625680598015
34660.79000000,0.04670600,1625680598015
34660.79000000,0.04706000,1625680598143
34660.79000000,0.01442800,1625680598196
34660.79000000,0.01442900,1625680599196
34660.79000000,0.01442900,1625680600193
34660.79000000,0.01442900,1625680601195
34660.79000000,0.01442900,1625680602193
34660.79000000,0.01442900,1625680603195
34660.79000000,0.01442900,1625680604192
34660.79000000,0.01258200,1625680604275
34660.79000000,0.01258200,1625680604333
34660.79000000,0.01906900,1625680605157
34660.79000000,0.01442900,1625680605197
34660.79000000,0.01906900,1625680605214
34660.79000000,0.01442900,1625680606203
34660.79000000,0.01442900,1625680607197
34660.79000000,0.01442900,1625680608193
34664.91000000,0.01442800,1625680609198
34664.91000000,0.01442800,1625680610196
34664.91000000,0.01442800,1625680611196
34666.10000000,0.01442800,1625680612207
34665.66000000,0.01442800,1625680613195
34665.46000000,0.01442800,1625680614194
34665.46000000,0.01442800,1625680615191
34660.79000000,0.04708900,1625680615420
34660.79000000,0.00380500,1625680615479
34660.79000000,0.01442800,1625680616201
34664.99000000,0.01442800,1625680617203
34664.99000000,0.00809900,1625680617371
34664.99000000,0.01442800,1625680618194
34664.99000000,0.02711500,1625680618314
34656.71000000,0.01442800,1625680618427
34647.94000000,0.01442800,1625680619173
34647.95000000,0.01442800,1625680620171
34650.00000000,0.01434300,1625680621173
34650.45000000,0.01442800,1625680622171
34650.45000000,0.01442800,1625680623185
34662.35000000,0.01442800,1625680624196
34661.73000000,0.01442800,1625680625208
34661.73000000,0.00769000,1625680625390
34661.73000000,0.01442800,1625680626192
34661.73000000,0.01442800,1625680627193
34661.73000000,0.00230200,1625680627395
34656.69000000,0.01442800,1625680627512
34649.29000000,0.01442800,1625680628173
34664.77000000,0.01442600,1625680629200
34664.77000000,0.01594100,1625680629458
34664.77000000,0.01442500,1625680630195
34672.33000000,0.01442400,1625680631195
34664.61000000,0.01442400,1625680631515
34653.94000000,0.01410200,1625680632185
34653.94000000,0.01655300,1625680632404
34670.52000000,0.01442400,1625680633196
34670.52000000,0.00383100,1625680633466
34670.52000000,0.01442400,1625680634199
34670.51000000,0.01241700,1625680635196
34670.51000000,0.00200700,1625680635196
34670.51000000,0.01930100,1625680635407
34664.56000000,0.00353900,1625680635407
34664.56000000,0.01088500,1625680635522
34653.96000000,0.01195500,1625680636176
34671.27000000,0.01442400,1625680637198
34672.32000000,0.00335700,1625680638196
34672.32000000,0.01106700,1625680638196
34672.32000000,0.00671400,1625680638412
34664.56000000,0.01442400,1625680638412
34654.99000000,0.01442400,1625680639174
34671.42000000,0.01442400,1625680640195
34671.00000000,0.01442400,1625680641200
34664.51000000,0.00436200,1625680641630
34664.51000000,0.01006200,1625680641687
34672.84000000,0.00634000,1625680643201
34672.84000000,0.00634000,1625680643201
34674.98000000,0.00683700,1625680644196
34674.98000000,0.00683700,1625680644196
34673.52000000,0.00493900,1625680645202
34673.52000000,0.00493900,1625680645202
34664.46000000,0.01442400,1625680645617
34642.41000000,0.01423000,1625680646207
34642.41000000,0.02845500,1625680646618
34661.17000000,0.01442900,1625680647201
34653.37000000,0.01442900,1625680647739
34640.98000000,0.01442900,1625680648175
34641.23000000,0.01442900,1625680649173
34643.31000000,0.01442900,1625680650175
34661.17000000,0.01442900,1625680651199
34653.37000000,0.00229900,1625680651771
34653.37000000,0.00270200,1625680651830
34649.81000000,0.00200000,1625680652276
34655.33000000,0.01443100,1625680653204
34649.81000000,0.01443100,1625680653783
34640.01000000,0.01443100,1625680654189
34640.01000000,0.01354500,1625680655186
34655.32000000,0.01443100,1625680658197
34655.17000000,0.01443100,1625680659198
34655.17000000,0.02719100,1625680659975
34655.17000000,0.01443100,1625680660197
34656.06000000,0.01443100,1625680661198
34649.71000000,0.01443100,1625680662228
34640.00000000,0.00411000,1625680663174
34655.32000000,0.01443100,1625680664201
34649.71000000,0.01443100,1625680665133
34649.67000000,0.00860400,1625680665194
34655.32000000,0.01443100,1625680666193
34649.67000000,0.01443100,1625680667143
34655.17000000,0.01443100,1625680668199
34649.67000000,0.01443100,1625680670216
34649.68000000,0.01443100,1625680671209
34655.79000000,0.01443100,1625680673197
34649.67000000,0.01443100,1625680673363
34640.79000000,0.01443100,1625680674188
34655.79000000,0.01443100,1625680675194
34655.79000000,0.01443100,1625680676198
34655.79000000,0.01229300,1625680676334
34655.79000000,0.01443100,1625680677203
34656.72000000,0.01443100,1625680678197
34649.81000000,0.01443100,1625680678471
34640.90000000,0.00628300,1625680679175
34640.90000000,0.00814800,1625680679175
34640.90000000,0.01443100,1625680680175
34656.72000000,0.01443100,1625680681202
34657.66000000,0.01443100,1625680682232
34656.05000000,0.01443100,1625680683203
34655.79000000,0.00866800,1625680684194
34655.79000000,0.00576300,1625680684194
34655.79000000,0.02347700,1625680684414
34649.81000000,0.01443100,1625680684414
34640.90000000,0.01443100,1625680685176
34655.92000000,0.01443100,1625680686196
34655.92000000,0.00553400,1625680687197
34655.92000000,0.00889700,1625680687197
34656.05000000,0.00618400,1625680688202
34649.81000000,0.01443100,1625680688423
34640.90000000,0.01443100,1625680689180
34640.65000000,0.01280200,1625680690189
34640.65000000,0.01443100,1625680691177
34640.65000000,0.02424400,1625680691429
34654.70000000,0.01443100,1625680692195
34649.68000000,0.01443100,1625680692545
34640.65000000,0.01443100,1625680693189
34654.57000000,0.01443100,1625680694206
34654.57000000,0.00315600,1625680694504
34654.57000000,0.01443100,1625680695203
34654.57000000,0.03034800,1625680695446
34649.64000000,0.01396700,1625680695567
34640.64000000,0.01443100,1625680696176
34640.64000000,0.03620400,1625680696448
34653.51000000,0.01261500,1625680697200
34650.00000000,0.01443500,1625680698204
34650.00000000,0.01443500,1625680699198
34650.00000000,0.00830000,1625680699511
34646.34000000,0.04407600,1625680699511
34638.23000000,0.01443500,1625680699511
34627.57000000,0.01309500,1625680700189
34636.62000000,0.00700300,1625680701461
34643.79000000,0.01443800,1625680703209
34643.79000000,0.01443800,1625680704201
34643.06000000,0.01412200,1625680705205
34643.79000000,0.00469800,1625680706199
34643.79000000,0.00974000,1625680706199
34643.79000000,0.00738900,1625680707215
34633.00000000,0.01443800,1625680707473
34625.00000000,0.01443400,1625680707473
34622.56000000,0.01323300,1625680708199
34623.46000000,0.01443900,1625680709176
34621.00000000,0.01376900,1625680710187
34621.00000000,0.00254600,1625680710477
34639.13000000,0.01443900,1625680711196
34639.13000000,0.01091400,1625680711594
34639.13000000,0.01443900,1625680712199
34635.49000000,0.01443900,1625680713202
34629.68000000,0.01443900,1625680713849
34620.74000000,0.01284800,1625680714181
34620.74000000,0.03053900,1625680714754
34638.23000000,0.01003600,1625680715201
34638.23000000,0.00440300,1625680715201
34638.23000000,0.03393600,1625680715552
34638.23000000,0.00223600,1625680716207
34629.67000000,0.01443900,1625680716268
34621.27000000,0.01949700,1625680716556
34636.19000000,0.01443900,1625680717202
34636.19000000,0.02245600,1625680717624
34636.19000000,0.01443900,1625680718206
34636.19000000,0.01831400,1625680718564
34630.07000000,0.01268400,1625680718564
34621.27000000,0.01443900,1625680719178
34621.27000000,0.05853300,1625680719567
34639.58000000,0.01443900,1625680720197
34639.67000000,0.01443900,1625680721203
34639.58000000,0.01443900,1625680722199
34640.00000000,0.01443900,1625680723195
34630.07000000,0.01443900,1625680723690
34622.71000000,0.01443900,1625680724204
34622.56000000,0.01443900,1625680725186
34624.17000000,0.01443800,1625680726180
34643.42000000,0.01443800,1625680727201
34647.40000000,0.01443600,1625680728198
34636.55000000,0.01443600,1625680728705
34626.83000000,0.01443600,1625680729177
34626.53000000,0.01443700,1625680730191
34625.53000000,0.01431300,1625680731190
34625.53000000,0.02784500,1625680731598
34642.65000000,0.01443800,1625680732213
34642.19000000,0.01443800,1625680733198
34642.19000000,0.03055900,1625680733671
34642.19000000,0.01443800,1625680734203
34644.61000000,0.01443800,1625680735286
34642.18000000,0.00915600,1625680736293
34642.18000000,0.00475900,1625680736293
34632.24000000,0.01443800,1625680737650
34626.09000000,0.01367400,1625680738214
34628.68000000,0.01443700,1625680739184
34626.30000000,0.01441600,1625680740205
34640.90000000,0.01443800,1625680741228
34642.54000000,0.01443800,1625680742231
34642.54000000,0.01443800,1625680743227
34632.24000000,0.01443800,1625680743781
34625.54000000,0.01443800,1625680744185
34640.90000000,0.01443800,1625680745229
34640.91000000,0.01443800,1625680746228
34640.90000000,0.01443800,1625680747236
34632.22000000,0.01443800,1625680747858
34626.30000000,0.01443800,1625680748186
34640.88000000,0.01443800,1625680749232
34640.90000000,0.01443600,1625680750229
34640.90000000,0.01443600,1625680751229
34640.87000000,0.01848400,1625680751814
34636.55000000,0.01443600,1625680751814
34627.33000000,0.00868000,1625680752206
34627.33000000,0.00575700,1625680752206
34627.33000000,0.01258800,1625680752755
34642.18000000,0.01443700,1625680753229
34633.51000000,0.01443700,1625680753877
34627.16000000,0.01443700,1625680754183
34642.19000000,0.01443600,1625680755231
34635.97000000,0.01443600,1625680755908
34629.03000000,0.01443600,1625680756187
34627.16000000,0.01443700,1625680757206
34627.16000000,0.01157900,1625680758186
34629.36000000,0.00285800,1625680758186
34630.00000000,0.00883500,1625680759185
34642.20000000,0.01443700,1625680760231
34642.26000000,0.01443700,1625680761229
34642.20000000,0.01443700,1625680762226
34642.20000000,0.01215700,1625680762875
34642.20000000,0.01443700,1625680763228
34634.42000000,0.01071600,1625680763877
34635.39000000,0.01443700,1625680764817
34632.00000000,0.01223400,1625680765186
34632.00000000,0.00220200,1625680765186
34632.00000000,0.03980100,1625680765820
34646.12000000,0.01443600,1625680766233
34646.12000000,0.03160000,1625680766907
34646.12000000,0.01443600,1625680767230
34646.12000000,0.00531500,1625680767887
34637.40000000,0.01443600,1625680768006
34631.38000000,0.01443600,1625680768190
34631.38000000,0.00515700,1625680768891
34645.15000000,0.01443600,1625680769229
34645.15000000,0.00303400,1625680769953
34645.15000000,0.01443600,1625680770233
34645.15000000,0.01921900,1625680770895
34635.72000000,0.01443600,1625680771019
34631.06000000,0.01443600,1625680771187
34630.00000000,0.01443600,1625680772186
34630.00000000,0.00523000,1625680773186
34630.00000000,0.00920600,1625680773186
34630.00000000,0.01443600,1625680774186
34630.00000000,0.00650100,1625680774902
34644.39000000,0.01443600,1625680775235
34644.39000000,0.01443600,1625680776243
34644.39000000,0.01124400,1625680776969
34644.39000000,0.01443600,1625680777235
34644.39000000,0.01443600,1625680778235
34644.39000000,0.01315100,1625680778931
34637.39000000,0.01443600,1625680779050
34628.70000000,0.01443600,1625680779187
34628.70000000,0.01341700,1625680779932
34644.39000000,0.01443600,1625680780230
34644.39000000,0.00931000,1625680780993
34644.39000000,0.01443600,1625680781230
34644.39000000,0.02092400,1625680781933
34637.19000000,0.01443600,1625680782060
34630.44000000,0.01443600,1625680782188
34630.44000000,0.01443600,1625680783192
34630.44000000,0.00374300,1625680783937
34644.12000000,0.01443600,1625680784234
34637.39000000,0.01443600,1625680785054
34630.12000000,0.00878300,1625680785188
34630.12000000,0.00504000,1625680785188
34644.15000000,0.01443600,1625680787233
34643.69000000,0.01443600,1625680788233
34637.20000000,0.01443600,1625680789245
34643.42000000,0.00336100,1625680790194
34643.42000000,0.01443600,1625680790232
34643.42000000,0.00200000,1625680791153
34643.42000000,0.01443600,1625680791233
34643.42000000,0.03127200,1625680792216
34643.42000000,0.01443600,1625680792231
34636.64000000,0.01443600,1625680792330
34630.67000000,0.05683000,1625680793125
34643.68000000,0.01281100,1625680793230
34643.68000000,0.06964100,1625680794127
34636.64000000,0.00557300,1625680794127
34636.64000000,0.01443600,1625680794245
34631.11000000,0.04287300,1625680795127
34631.11000000,0.01443600,1625680795188
34631.11000000,0.00346900,1625680796130
34641.43000000,0.01443700,1625680796245
34641.43000000,0.03442400,1625680797191
34641.43000000,0.01443700,1625680797231
34641.43000000,0.03019500,1625680798134
34635.00000000,0.01443700,1625680798256
34635.00000000,0.01443700,1625680799204
34627.06000000,0.04021700,1625680800141
34641.49000000,0.01443700,1625680800234
34641.49000000,0.03765900,1625680801205
34641.49000000,0.01443700,1625680801231
34645.25000000,0.01443200,1625680802211
34635.00000000,0.01443700,1625680802211
34635.06000000,0.00937300,1625680803225
34643.41000000,0.00506000,1625680803264
34632.34000000,0.01443400,1625680804213
34628.80000000,0.00733400,1625680805233
34636.88000000,0.00710200,1625680805264
34610.00000000,0.01300600,1625680808248
34617.95000000,0.01445100,1625680809235
34617.95000000,0.01445100,1625680810240
34614.47000000,0.00999000,1625680810747
34614.47000000,0.01444900,1625680811235
34615.68000000,0.01317000,1625680812234
34614.09000000,0.01445100,1625680813234
34614.09000000,0.04207100,1625680813515
34614.09000000,0.01445100,1625680814241
34600.88000000,0.01445100,1625680814459
34600.00000000,0.01378800,1625680814459
34590.00000000,0.01446000,1625680814580
34588.31000000,0.01445100,1625680815212
34588.31000000,0.05224700,1625680815470
34608.55000000,0.01445100,1625680816236
34608.55000000,0.01445100,1625680817233
34609.78000000,0.01445100,1625680818234
34609.78000000,0.03689000,1625680818559
34600.00000000,0.01153800,1625680818559
34600.00000000,0.00291300,1625680818621
34588.31000000,0.01000000,1625680818652
34588.31000000,0.00570700,1625680819188
34596.79000000,0.01445300,1625680820543
34587.97000000,0.00687200,1625680821062
34587.97000000,0.01189200,1625680821189
34587.97000000,0.00256100,1625680821189
34588.31000000,0.01445300,1625680822189
34588.31000000,0.00296200,1625680822557
34639.99000000,0.00722700,1625680823108
34608.54000000,0.01445600,1625680823235
34602.80000000,0.01445600,1625680824233
34639.99000000,0.00721300,1625680824658
34649.99000000,0.00577800,1625680824660
34588.31000000,0.01445600,1625680824688
34577.00000000,0.00979400,1625680825216
34577.00000000,0.00466600,1625680825216
34595.70000000,0.01446200,1625680826239
34590.00000000,0.01446000,1625680827240
34582.27000000,0.01446200,1625680828237
34575.00000000,0.01447000,1625680828708
34574.55000000,0.01446200,1625680828708
34560.00000000,0.00262900,1625680828708
34577.82000000,0.01446400,1625680831234
34579.21000000,0.01446500,1625680832239
34579.20000000,0.01445500,1625680833234
34579.20000000,0.01943000,1625680833616
34579.20000000,0.01446600,1625680834247
34573.63000000,0.01446600,1625680835233
34563.95000000,0.01446600,1625680835738
34560.00000000,0.00726900,1625680835738
34552.67000000,0.01446800,1625680836218
34572.19000000,0.01446700,1625680837239
34574.48000000,0.01446700,1625680838234
34575.15000000,0.01446500,1625680839232
34577.29000000,0.01081500,1625680840237
34577.29000000,0.00365000,1625680840237
34577.29000000,0.01695100,1625680840627
34567.58000000,0.01446500,1625680841300
34557.87000000,0.00248600,1625680841630
34577.09000000,0.01446500,1625680842239
34567.58000000,0.01446500,1625680842753
34555.61000000,0.01446400,1625680843189
34557.87000000,0.00946100,1625680844190
34557.87000000,0.00500300,1625680844190
34555.62000000,0.01446700,1625680845217
34555.62000000,0.00360300,1625680846193
34555.62000000,0.01086000,1625680846193
34555.62000000,0.02364600,1625680846640
34587.23000000,0.01446200,1625680847235
34587.23000000,0.02988000,1625680847702
34587.23000000,0.01446300,1625680848234
34561.94000000,0.01446700,1625680848707
34571.48000000,0.01446900,1625680850233
34581.42000000,0.01446600,1625680851245
34579.63000000,0.01446600,1625680852233
34565.89000000,0.01446600,1625680852768
34555.09000000,0.01446500,1625680853193
34555.09000000,0.00867800,1625680853503
34557.13000000,0.01334400,1625680854190
34557.13000000,0.02694400,1625680854655
34579.85000000,0.01446400,1625680855237
34581.89000000,0.01446400,1625680856237
34581.89000000,0.04685600,1625680856721
34581.89000000,0.01187600,1625680857236
34570.86000000,0.01446400,1625680857368
34559.56000000,0.03525200,1625680857663
34576.50000000,0.01446700,1625680858237
34576.50000000,0.03521100,1625680858751
34576.50000000,0.01446600,1625680859237
34579.19000000,0.01446600,1625680860237
34565.91000000,0.01446600,1625680860935
34554.42000000,0.00578700,1625680861191
34554.42000000,0.00867700,1625680861191
34561.15000000,0.01215400,1625680862195
34561.15000000,0.00231000,1625680862195
34561.15000000,0.04212300,1625680862672
34580.54000000,0.01074600,1625680863233
34580.54000000,0.00371800,1625680863233
34575.90000000,0.01446700,1625680864243
34575.90000000,0.01446800,1625680865243
34574.64000000,0.05370200,1625680865843
34574.64000000,0.00451700,1625680866236
34561.83000000,0.01446700,1625680866360
34553.12000000,0.00956400,1625680866783
34553.12000000,0.00980400,1625680867192
34575.90000000,0.01446600,1625680868234
34571.95000000,0.01446600,1625680869236
34576.04000000,0.01446500,1625680870240
34567.19000000,0.01446500,1625680870914
34560.35000000,0.01445400,1625680871197
34568.98000000,0.01444900,1625680872196
34609.99000000,0.01445000,1625680872925
34618.98000000,0.00911700,1625680873238
34618.98000000,0.00278400,1625680873238
34605.91000000,0.01444900,1625680873803
34586.39000000,0.01445200,1625680874217
34610.98000000,0.01445200,1625680875237
34598.18000000,0.01372000,1625680875918
34585.06000000,0.01445300,1625680876218
34585.06000000,0.01298400,1625680876804
34609.18000000,0.01445300,1625680877233
34607.99000000,0.01445200,1625680878237
34609.08000000,0.01445200,1625680879241
34609.08000000,0.04161800,1625680879872
34609.08000000,0.01445200,1625680880242
34609.08000000,0.01144700,1625680880817
34598.97000000,0.01143500,1625680880817
34598.97000000,0.00301700,1625680880934
34583.17000000,0.01445200,1625680881190
34583.17000000,0.01445200,1625680882192
34560.00000000,0.00200000,1625680882764
34583.17000000,0.02347700,1625680882819
34606.47000000,0.01445200,1625680883234
34607.14000000,0.01242700,1625680884236
34607.14000000,0.00202500,1625680884236
34607.14000000,0.02805300,1625680884827
34598.97000000,0.01029100,1625680884827
34598.97000000,0.00416100,1625680884942
34584.04000000,0.01445200,1625680885191
34584.04000000,0.01973100,1625680885827
34604.82000000,0.01445300,1625680886237
34595.13000000,0.01445300,1625680886939
34581.31000000,0.01445400,1625680887212
34602.05000000,0.01445500,1625680888236
34602.05000000,0.00759600,1625680888893
34602.05000000,0.01445300,1625680889242
34602.05000000,0.03399700,1625680889833
34595.70000000,0.01445300,1625680889951
34584.04000000,0.01445300,1625680890196
34584.04000000,0.04650900,1625680890831
34584.04000000,0.00249200,1625680891191
34595.71000000,0.01445300,1625680891255
34608.95000000,0.01445300,1625680892235
34595.70000000,0.01196100,1625680892951
34583.16000000,0.01445400,1625680893214
34601.49000000,0.00355100,1625680894242
34601.49000000,0.01090300,1625680894242
34601.49000000,0.01445400,1625680895237
34601.49000000,0.01844400,1625680895901
34601.49000000,0.01445500,1625680896237
34601.49000000,0.00607900,1625680896844
34590.72000000,0.01445500,1625680896964
34579.92000000,0.01445500,1625680897191
34581.35000000,0.01445300,1625680898195
34605.91000000,0.01445400,1625680899241
34605.91000000,0.00617000,1625680899909
34605.91000000,0.01445300,1625680900239
34595.25000000,0.00304500,1625680900908
34595.25000000,0.01140800,1625680900963
34584.88000000,0.01103600,1625680901192
34595.25000000,0.00842100,1625680902861
34595.25000000,0.00603200,1625680902918
34587.44000000,0.00238900,1625680903197
34595.25000000,0.01106500,1625680903858
34588.63000000,0.01006600,1625680904192
34606.58000000,0.01445300,1625680907235
34606.58000000,0.01445500,1625680908240
34598.98000000,0.01445800,1625680909246
34596.49000000,0.01445800,1625680910237
34597.87000000,0.01445600,1625680911237
34585.20000000,0.01445800,1625680911994
34577.45000000,0.01445600,1625680912194
34599.92000000,0.01445600,1625680913238
34589.98000000,0.01445600,1625680913992
34580.79000000,0.01445600,1625680914192
34580.79000000,0.01445400,1625680915192
34600.31000000,0.01445500,1625680916248
34599.96000000,0.01445500,1625680917236
34600.00000000,0.01122600,1625680918245
34600.00000000,0.00322900,1625680918245
34602.02000000,0.01445500,1625680919240
34602.02000000,0.03025400,1625680919889
34590.53000000,0.00721600,1625680919889
34590.53000000,0.00723900,1625680920006
34579.72000000,0.01445500,1625680920194
34579.72000000,0.00912200,1625680920931
34612.90000000,0.01445200,1625680921266
34598.97000000,0.01445200,1625680922104
34598.87000000,0.01008300,1625680922195
34621.41000000,0.01444500,1625680923257
34617.67000000,0.01444400,1625680924214
34614.96000000,0.01444500,1625680924214
34609.99000000,0.01407900,1625680925195
34610.76000000,0.00872900,1625680926194
34623.12000000,0.00569400,1625680926261
34624.99000000,0.01445000,1625680927206
34634.31000000,0.01444200,1625680927238
34634.31000000,0.01444200,1625680928238
34634.31000000,0.00595700,1625680928264
34638.32000000,0.01444100,1625680929241
34638.32000000,0.01444200,1625680930245
34622.06000000,0.01444200,1625680930319
34609.66000000,0.01444300,1625680931224
34609.52000000,0.00657200,1625680932193
34609.52000000,0.00787100,1625680932193
34609.51000000,0.00315600,1625680933196
34609.51000000,0.01128700,1625680933196
34610.21000000,0.01444100,1625680934196
34610.21000000,0.00436200,1625680935193
34614.66000000,0.00932200,1625680935193
34636.65000000,0.01444100,1625680936237
34634.57000000,0.01444100,1625680937237
34634.57000000,0.01444100,1625680938250
34634.57000000,0.01266600,1625680938472
34634.57000000,0.01444100,1625680939239
34634.57000000,0.01444100,1625680940236
34634.57000000,0.01590400,1625680940449
34624.98000000,0.01444100,1625680940568
34609.53000000,0.01444400,1625680941219
34609.53000000,0.02506500,1625680941448
34626.58000000,0.01310800,1625680942246
34626.58000000,0.01988800,1625680942453
34626.58000000,0.01444400,1625680943242
34626.58000000,0.00250500,1625680943453
34617.15000000,0.00707800,1625680943453
34617.15000000,0.00736600,1625680943570
34610.43000000,0.01444400,1625680944195
34610.43000000,0.00766100,1625680944452
34630.18000000,0.01444200,1625680945241
34630.18000000,0.01444000,1625680946243
34639.99000000,0.01444000,1625680946456
34640.66000000,0.01331500,1625680947240
34649.34000000,0.00242600,1625680948248
34649.35000000,0.00418300,1625680949245
34649.35000000,0.00930500,1625680949245
34639.99000000,0.01443500,1625680950462
34629.27000000,0.01443400,1625680951194
34629.27000000,0.02276600,1625680951535
34629.27000000,0.01443300,1625680952195
34629.27000000,0.02400500,1625680952469
34649.99000000,0.00579800,1625680952469
34649.99000000,0.00285400,1625680952583
34650.38000000,0.01443300,1625680953240
34650.46000000,0.00597400,1625680954246
34650.46000000,0.00845900,1625680954246
34653.00000000,0.01443300,1625680955239
34652.99000000,0.00200000,1625680955791
34652.99000000,0.00989500,1625680956237
34644.15000000,0.01443300,1625680956487
34635.86000000,0.01443300,1625680957196
34636.64000000,0.01443300,1625680958196
34659.99000000,0.01443000,1625680958677
34664.78000000,0.00867800,1625680958677
34674.99000000,0.01385400,1625680958677
34689.99000000,0.01441600,1625680958677
34699.99000000,0.01153600,1625680958677
34709.99000000,0.01441000,1625680958677
34724.99000000,0.01440000,1625680958677
34739.99000000,0.01440000,1625680958677
34749.99000000,0.01439000,1625680958677
34759.99000000,0.01439000,1625680958677
34774.99000000,0.00813800,1625680958677
34653.30000000,0.01443100,1625680959244
34647.99000000,0.01443100,1625680959607
34638.18000000,0.01443100,1625680960195
34657.66000000,0.01443200,1625680961240
34656.64000000,0.01443100,1625680962238
34647.99000000,0.01443100,1625680962622
34635.01000000,0.01443300,1625680963223
34654.41000000,0.01443400,1625680964242
34641.92000000,0.01443400,1625680964718
34629.02000000,0.01444000,1625680964938
34629.02000000,0.01443700,1625680965227
34625.00000000,0.01445000,1625680965667
34629.02000000,0.00575600,1625680966196
34635.26000000,0.00360500,1625680966609
34636.64000000,0.01443700,1625680967240
34649.27000000,0.01443800,1625680968244
34649.27000000,0.01519600,1625680968675
34649.27000000,0.01443800,1625680969243
34636.64000000,0.00693000,1625680969672
34636.64000000,0.00750000,1625680969726
34631.17000000,0.01443800,1625680969726
34620.07000000,0.01053900,1625680970219
34636.64000000,0.00323000,1625680971616
34636.64000000,0.00323000,1625680971673
34636.64000000,0.00796000,1625680972239
34644.16000000,0.01443700,1625680973243
34646.21000000,0.01443800,1625680974244
34646.21000000,0.00233200,1625680974682
34646.21000000,0.01443800,1625680975243
34647.06000000,0.01443800,1625680976242
34636.64000000,0.01442000,1625680976742
34636.64000000,0.01204200,1625680976742
34636.64000000,0.00225100,1625680976799
34640.39000000,0.01443900,1625680978245
34710.00000000,0.01441000,1625680979244
34640.00000000,0.01443800,1625680980240
34640.00000000,0.01983800,1625680980689
34640.00000000,0.01444000,1625680981240
34640.00000000,0.02978100,1625680981628
34628.06000000,0.01444000,1625680981745
34616.83000000,0.01444000,1625680982198
34616.83000000,0.05589300,1625680982706
34633.16000000,0.01302800,1625680983244
34635.84000000,0.01444000,1625680984241
34635.84000000,0.03064900,1625680984743
34628.06000000,0.01444000,1625680984743
34616.83000000,0.01444100,1625680985218
34615.84000000,0.01444100,1625680986194
34614.83000000,0.01031100,1625680987222
34616.83000000,0.00309900,1625680987222
34616.42000000,0.01169600,1625680988747
34616.42000000,0.00200000,1625680988893
34630.48000000,0.01444200,1625680990218
34630.48000000,0.01444300,1625680991215
34628.24000000,0.01393900,1625680992217
34627.29000000,0.01364800,1625680993216
34627.29000000,0.03537000,1625680993757
34627.29000000,0.01444300,1625680994222
34627.29000000,0.00246500,1625680994757
34618.89000000,0.01250000,1625680994757
34610.00000000,0.01445000,1625680994872
34607.90000000,0.01444500,1625680995204
34607.90000000,0.01444500,1625680996193
34606.88000000,0.00980100,1625680997193
34606.88000000,0.00464400,1625680997193
34605.09000000,0.00364200,1625680998204
34619.70000000,0.00719000,1625680999820
34630.72000000,0.01444200,1625681003233
34630.72000000,0.01444200,1625681004219
34630.72000000,0.01444200,1625681005220
34630.72000000,0.00858000,1625681005956
34630.72000000,0.01444200,1625681006220
34630.72000000,0.02445500,1625681006876
34622.18000000,0.00789500,1625681006876
34622.18000000,0.00654700,1625681006992
34612.12000000,0.01444200,1625681007191
34612.12000000,0.02409200,1625681007889
34630.98000000,0.01444200,1625681008217
34630.98000000,0.01103500,1625681009223
34630.98000000,0.00340700,1625681009223
34630.98000000,0.04616200,1625681009965
34622.18000000,0.00284300,1625681009965
34622.18000000,0.01159900,1625681010085
34612.12000000,0.01444200,1625681010191
34612.12000000,0.02296400,1625681010974
34632.33000000,0.01444200,1625681011227
34632.33000000,0.01231600,1625681012228
34632.33000000,0.00212600,1625681012228
34632.33000000,0.04759600,1625681012991
34622.22000000,0.00689200,1625681012991
34622.22000000,0.00755000,1625681013108
34612.46000000,0.01444200,1625681013193
34612.46000000,0.03249600,1625681013992
34630.98000000,0.01444200,1625681014220
34630.98000000,0.02341500,1625681015059
34630.98000000,0.01444200,1625681015225
34630.78000000,0.01444200,1625681016220
34630.78000000,0.00200000,1625681016861
34630.78000000,0.01444200,1625681017221
34630.78000000,0.00673600,1625681017319
34622.22000000,0.01444200,1625681017319
34600.00000000,0.01446000,1625681017319
34590.00000000,0.01446000,1625681017319
34575.00000000,0.01447000,1625681017319
34560.00000000,0.01247000,1625681017319
34552.67000000,0.00886400,1625681017319
34540.66000000,0.05714000,1625681017319
34612.46000000,0.00898500,1625681018194
34612.46000000,0.00545700,1625681018194
34612.47000000,0.01444200,1625681019192
34612.70000000,0.01444200,1625681020192
34612.70000000,0.00493800,1625681021198
34623.50000000,0.00949800,1625681021198
34639.99000000,0.01355900,1625681022467
34630.39000000,0.01443500,1625681023199
34630.39000000,0.02613900,1625681024032
34649.99000000,0.01444000,1625681024032
34650.65000000,0.01443500,1625681024220
34650.65000000,0.01445000,1625681024358
34650.87000000,0.01443500,1625681025218
34650.87000000,0.05748200,1625681026091
34650.87000000,0.01443500,1625681026217
34650.87000000,0.01445000,1625681026225
34639.99000000,0.01443500,1625681027097
34632.90000000,0.01443300,1625681027192
34632.90000000,0.02874000,1625681028036
34652.98000000,0.01443300,1625681028219
34653.94000000,0.01443300,1625681029217
34654.71000000,0.01443100,1625681030222
34654.71000000,0.01000000,1625681030385
34646.05000000,0.01443200,1625681031156
34642.17000000,0.01442900,1625681031194
34650.85000000,0.01442600,1625681032197
34659.99000000,0.01443000,1625681033172
34674.99000000,0.01443000,1625681033172
34680.91000000,0.01441900,1625681033233
34688.56000000,0.00491900,1625681034220
34682.17000000,0.00949800,1625681034222
34688.56000000,0.00686900,1625681034309
34688.56000000,0.01231200,1625681035053
34682.16000000,0.01441700,1625681035053
34669.92000000,0.01441700,1625681035194
34664.94000000,0.01442000,1625681036216
34672.02000000,0.01254000,1625681037220
34672.02000000,0.01442100,1625681038219
34672.71000000,0.01442100,1625681039221
34661.38000000,0.00596800,1625681040160
34682.98000000,0.01442100,1625681040236
34681.39000000,0.01441700,1625681045278
34661.15000000,0.01440300,1625681046237
34689.99000000,0.01439100,1625681047218
34699.99000000,0.01436400,1625681048214
34709.99000000,0.01434400,1625681049212
34701.86000000,0.00820500,1625681050209
34720.95000000,0.01440500,1625681051223
34711.00000000,0.00357800,1625681051490
34711.00000000,0.01082700,1625681051546
34650.00000000,0.00200000,1625681051579
34691.42000000,0.01440500,1625681052210
34691.42000000,0.00307400,1625681052371
34717.95000000,0.01440500,1625681053225
34721.00000000,0.01440500,1625681054222
34718.98000000,0.01440900,1625681055227
34717.16000000,0.01440900,1625681056219
34717.16000000,0.00848600,1625681057226
34712.34000000,0.00592300,1625681057226
34712.34000000,0.02557600,1625681057479
34702.00000000,0.01440900,1625681057479
34684.29000000,0.01440900,1625681058197
34713.94000000,0.01440900,1625681059219
34702.00000000,0.00322800,1625681059650
34693.97000000,0.00865200,1625681060478
34693.97000000,0.00576000,1625681060700
34678.20000000,0.00289200,1625681061211
34706.86000000,0.01441200,1625681062223
34706.86000000,0.01426200,1625681062549
34706.86000000,0.01148400,1625681063234
34697.89000000,0.01441100,1625681063297
34679.25000000,0.01118500,1625681063493
34706.54000000,0.01441100,1625681064224
34697.89000000,0.01441100,1625681064759
34680.00000000,0.01440700,1625681065201
34695.00000000,0.00514600,1625681066210
34718.81000000,0.01440600,1625681067221
34709.69000000,0.01440600,1625681067710
34694.61000000,0.00308300,1625681068197
34694.61000000,0.00308300,1625681068197
34709.71000000,0.00518800,1625681068595
34709.71000000,0.00305200,1625681068653
34693.87000000,0.00213600,1625681069194
34722.67000000,0.01440500,1625681070218
34724.99000000,0.01439300,1625681071203
34730.76000000,0.00804300,1625681072213
34731.35000000,0.00287800,1625681073985
34731.81000000,0.01439700,1625681075808
34720.60000000,0.01546600,1625681075808
34717.04000000,0.01439900,1625681076213
34717.04000000,0.02618800,1625681076907
34739.99000000,0.01440000,1625681076907
34744.32000000,0.01439400,1625681077218
34749.99000000,0.01439000,1625681078020
34750.84000000,0.00812300,1625681078227
34750.84000000,0.00627100,1625681078227
34750.06000000,0.04656700,1625681079008
34741.83000000,0.01438900,1625681080213
34759.99000000,0.01438400,1625681081201
34766.83000000,0.01438200,1625681082234
34774.18000000,0.00278800,1625681083225
34773.16000000,0.00237900,1625681084224
34766.87000000,0.01438800,1625681085226
34766.87000000,0.01439100,1625681086229
34764.46000000,0.00610300,1625681088228
34756.99000000,0.01438600,1625681088323
34743.87000000,0.01438900,1625681089216
34739.94000000,0.01438600,1625681090199
34741.25000000,0.00765500,1625681091207
34741.25000000,0.00673400,1625681091207
34739.27000000,0.01438900,1625681092211
34739.27000000,0.01989100,1625681092436
34764.00000000,0.01438500,1625681093230
34760.49000000,0.01438500,1625681093649
34750.00000000,0.00739500,1625681094210
34758.83000000,0.00649100,1625681094592
34749.75000000,0.01438500,1625681095199
34774.99000000,0.00287800,1625681097008
34757.01000000,0.01439100,1625681097224
34743.93000000,0.01439200,1625681097555
34733.98000000,0.00986000,1625681098198
34733.98000000,0.00453200,1625681098198
34721.44000000,0.00949300,1625681099211
34721.44000000,0.00490400,1625681099211
34712.80000000,0.01439800,1625681100216
34712.80000000,0.01440000,1625681101215
34742.85000000,0.01439700,1625681102283
34738.80000000,0.01439800,1625681103225
34738.81000000,0.01439700,1625681104222
34738.81000000,0.03140400,1625681104511
34738.81000000,0.01439800,1625681105234
34738.80000000,0.01439800,1625681106223
34729.21000000,0.01439800,1625681106567
34715.72000000,0.01439800,1625681107214
34711.11000000,0.01440000,1625681108214
34732.94000000,0.01440100,1625681109224
34731.61000000,0.01440100,1625681110221
34774.99000000,0.00719700,1625681110348
34774.99000000,0.00430500,1625681110358
34730.17000000,0.01440000,1625681111225
34732.77000000,0.00955700,1625681112230
34732.77000000,0.00484300,1625681112230
34732.77000000,0.01473200,1625681112469
34725.00000000,0.01440000,1625681112469
34722.56000000,0.01307100,1625681112469
34713.68000000,0.01440100,1625681113215
34713.68000000,0.02647300,1625681113472
34729.22000000,0.01440100,1625681114225
34729.22000000,0.01301000,1625681114527
34729.22000000,0.01440100,1625681115226
34729.89000000,0.01440100,1625681116227
34720.41000000,0.01440100,1625681116584
34710.59000000,0.01440100,1625681117213
34710.99000000,0.00766200,1625681118207
34710.99000000,0.00673900,1625681118207
34710.99000000,0.01487100,1625681118483
34730.17000000,0.01440100,1625681119222
34730.17000000,0.00878600,1625681119542
34730.17000000,0.01439800,1625681120222
34752.60000000,0.01438900,1625681121235
34770.14000000,0.00739400,1625681122232
34770.14000000,0.00699100,1625681122232
34770.14000000,0.01209400,1625681122605
34758.91000000,0.01438500,1625681122605
34743.87000000,0.01438500,1625681123215
34766.87000000,0.01438700,1625681124232
34764.06000000,0.01438500,1625681125245
34758.90000000,0.01438500,1625681125723
34741.33000000,0.01438400,1625681126201
34741.33000000,0.01209400,1625681126614
34773.08000000,0.01004700,1625681127224
34773.08000000,0.00433700,1625681127224
34772.69000000,0.01438400,1625681128228
34761.41000000,0.01438400,1625681128724
34752.39000000,0.01438400,1625681129197
34772.59000000,0.01438400,1625681130223
34772.59000000,0.01438400,1625681131233
34772.46000000,0.01438400,1625681132223
34772.53000000,0.01312800,1625681133223
34761.41000000,0.01438400,1625681133679
34749.73000000,0.01438400,1625681134207
34750.07000000,0.01438400,1625681135199
34750.01000000,0.01438400,1625681136201
34750.01000000,0.01261400,1625681137196
34750.07000000,0.01802200,1625681137626
34772.24000000,0.01438400,1625681138224
34772.24000000,0.06639800,1625681138688
34772.24000000,0.01212500,1625681139231
34753.56000000,0.01438800,1625681139290
34733.75000000,0.01438900,1625681140216
34737.62000000,0.01439000,1625681141212
34732.24000000,0.01104200,1625681142202
34732.24000000,0.00334800,1625681142202
34733.36000000,0.01439000,1625681143207
34733.36000000,0.00452900,1625681144201
34745.81000000,0.01439500,1625681147230
34735.87000000,0.00261500,1625681147998
34739.95000000,0.01439300,1625681148741
34729.85000000,0.01240400,1625681149201
34729.85000000,0.00397800,1625681149823
34757.78000000,0.01439100,1625681150231
34758.69000000,0.01439000,1625681151229
34758.69000000,0.00280300,1625681151886
34758.69000000,0.01438700,1625681152225
34763.57000000,0.01438800,1625681153234
34763.57000000,0.00952100,1625681154224
34763.57000000,0.00486700,1625681154224
34761.36000000,0.01438800,1625681155224
34761.36000000,0.01743300,1625681155981
34752.27000000,0.01438800,1625681155981
34728.90000000,0.01425900,1625681156228
34728.90000000,0.01770800,1625681157043
34760.00000000,0.01438900,1625681157229
34761.36000000,0.01438900,1625681158229
34746.72000000,0.01439000,1625681159217
34733.23000000,0.01439000,1625681160201
34743.99000000,0.01310300,1625681161231
34758.16000000,0.01439100,1625681162226
34761.00000000,0.01438800,1625681163228
34761.00000000,0.05702000,1625681163976
34761.00000000,0.01438700,1625681164235
34764.46000000,0.01438600,1625681165225
34764.46000000,0.04427700,1625681165962
34756.42000000,0.00490500,1625681165962
34756.42000000,0.00948100,1625681166021
34745.45000000,0.01438600,1625681166203
34745.45000000,0.01438400,1625681167203
34750.95000000,0.01438100,1625681168205
34755.39000000,0.01438100,1625681169202
34774.99000000,0.01438000,1625681169332
34777.77000000,0.01438100,1625681170223
34777.77000000,0.01438000,1625681171232
34775.41000000,0.01437900,1625681172229
34775.41000000,0.00879700,1625681172276
34773.33000000,0.01437900,1625681172276
34760.90000000,0.00216500,1625681173213
34760.90000000,0.00462100,1625681173213
34767.08000000,0.01438200,1625681174230
34763.73000000,0.01438300,1625681175226
34771.73000000,0.01438400,1625681176231
34763.66000000,0.01438300,1625681177240
34752.00000000,0.00254700,1625681178200
34766.97000000,0.01438200,1625681179230
34768.47000000,0.00906300,1625681180236
34768.47000000,0.00531800,1625681180292
34757.62000000,0.01438300,1625681181215
34768.47000000,0.00861200,1625681183128
34768.47000000,0.00457400,1625681183185
34757.17000000,0.00403800,1625681183201
34765.33000000,0.00419700,1625681185131
34765.33000000,0.00419700,1625681185187
34768.46000000,0.00489600,1625681186133
34768.46000000,0.00489600,1625681186193
34781.38000000,0.01438000,1625681188223
34781.38000000,0.01438200,1625681189226
34781.38000000,0.02271100,1625681190194
34781.38000000,0.01438200,1625681190230
34781.38000000,0.00740000,1625681191145
34767.49000000,0.01438200,1625681191265
34755.04000000,0.03146000,1625681192148
34780.74000000,0.01438100,1625681192227
34780.80000000,0.01713000,1625681195158
34780.80000000,0.01437900,1625681195234
34780.80000000,0.00895000,1625681196154
34774.73000000,0.01437900,1625681196277
34761.81000000,0.00631900,1625681197213
34780.82000000,0.01438000,1625681198227
34772.66000000,0.01438000,1625681199276
34780.74000000,0.01438000,1625681201226
34780.74000000,0.01367000,1625681202227
34780.74000000,0.00350200,1625681202285
34780.74000000,0.01604500,1625681203170
34780.74000000,0.00779300,1625681203232
34767.00000000,0.01438200,1625681203294
34755.13000000,0.00516500,1625681204204
34756.55000000,0.00921700,1625681204204
34756.55000000,0.00932600,1625681205202
34770.96000000,0.00372000,1625681205286
34760.65000000,0.00227700,1625681206200
34760.79000000,0.01210300,1625681206200
34760.79000000,0.01438000,1625681207202
34781.38000000,0.01438000,1625681208227
34781.38000000,0.01438000,1625681209229
34781.38000000,0.01438000,1625681210232
34781.56000000,0.01438000,1625681211223
34781.56000000,0.01438000,1625681212232
34780.73000000,0.01438000,1625681213229
34780.73000000,0.00258600,1625681213256
34770.96000000,0.00876400,1625681213317
34770.96000000,0.00430100,1625681214195
34760.00000000,0.01438000,1625681214201
34760.00000000,0.01438100,1625681215213
34760.01000000,0.00445000,1625681216203
34780.53000000,0.01438000,1625681217225
34780.43000000,0.00608800,1625681218228
34780.43000000,0.01438100,1625681219229
34780.43000000,0.01357900,1625681219280
34780.43000000,0.01438100,1625681220230
34779.99000000,0.01438100,1625681222230
34777.43000000,0.01438100,1625681223225
34777.43000000,0.00535900,1625681224225
34769.19000000,0.01438100,1625681225281
34762.51000000,0.01438100,1625681226213
34774.83000000,0.01438000,1625681227231
34780.43000000,0.01438000,1625681228231
34780.43000000,0.00690300,1625681229225
34780.43000000,0.00655700,1625681229225
34780.57000000,0.01438000,1625681230231
34772.35000000,0.01438000,1625681230296
34763.06000000,0.01438000,1625681231203
34764.74000000,0.01438000,1625681232202
34764.74000000,0.01438000,1625681233202
34780.53000000,0.01438000,1625681234229
34772.37000000,0.01438000,1625681234472
34763.52000000,0.01413900,1625681235201
34764.74000000,0.01438000,1625681236214
34764.74000000,0.00666200,1625681236356
34780.43000000,0.01438000,1625681237245
34772.37000000,0.01438000,1625681237518
34765.34000000,0.01438000,1625681238202
34765.34000000,0.01261400,1625681239202
34765.34000000,0.00914800,1625681240202
34765.34000000,0.00523200,1625681240202
34765.34000000,0.01830800,1625681240647
34780.43000000,0.01438000,1625681241225
34780.43000000,0.00819400,1625681241717
34780.43000000,0.01438000,1625681242226
34780.53000000,0.01438000,1625681243238
34780.53000000,0.01438000,1625681244227
34780.53000000,0.01437900,1625681245230
34774.17000000,0.01437900,1625681245885
34768.07000000,0.01437900,1625681246203
34780.78000000,0.01437900,1625681247229
34780.78000000,0.01437900,1625681248230
34780.82000000,0.01437900,1625681249230
34774.32000000,0.01437900,1625681249739
34767.70000000,0.01437900,1625681250209
34780.78000000,0.00742200,1625681251230
34780.78000000,0.00695700,1625681251230
34780.80000000,0.00843200,1625681252234
34773.52000000,0.01437900,1625681252623
34768.44000000,0.01437800,1625681253206
34768.44000000,0.01437700,1625681254207
34781.07000000,0.01437800,1625681255234
34781.56000000,0.01437800,1625681256237
34777.47000000,0.00271600,1625681256809
34781.38000000,0.01437700,1625681258233
34778.39000000,0.01437700,1625681258761
34768.48000000,0.00666000,1625681259207
34768.48000000,0.00666000,1625681259207
34782.07000000,0.01437700,1625681260229
34779.99000000,0.01437700,1625681260768
34773.51000000,0.01030700,1625681261205
34773.51000000,0.00407000,1625681261205
34773.51000000,0.00479900,1625681261652
34782.33000000,0.00204300,1625681262712
34782.33000000,0.01437600,1625681263230
34782.33000000,0.00925000,1625681263713
34780.40000000,0.01437600,1625681263830
34771.46000000,0.01437600,1625681264203
34772.89000000,0.01437600,1625681265206
34772.85000000,0.01343800,1625681266205
34772.85000000,0.00528700,1625681266684
34784.16000000,0.01437600,1625681267230
34784.16000000,0.01437600,1625681268233
34784.16000000,0.02913200,1625681268872
34784.16000000,0.01437600,1625681269230
34780.39000000,0.01437600,1625681269747
34772.35000000,0.01090800,1625681270203
34782.36000000,0.01437600,1625681272229
34782.60000000,0.01437700,1625681273237
34782.60000000,0.01437700,1625681274228
34782.60000000,0.01945200,1625681274863
34779.02000000,0.01437700,1625681274863
34772.93000000,0.00634500,1625681275206
34772.93000000,0.00803100,1625681275206
34772.35000000,0.01437600,1625681276204
34772.35000000,0.01610700,1625681276858
34786.54000000,0.01437500,1625681277240
34783.02000000,0.01437500,1625681277973
34772.54000000,0.01139000,1625681278217
34772.54000000,0.00298600,1625681278217
34776.83000000,0.00292200,1625681279207
34785.03000000,0.01437700,1625681283234
34784.57000000,0.01437800,1625681284236
34777.24000000,0.01437800,1625681285003
34770.00000000,0.01437900,1625681285214
34784.74000000,0.01437800,1625681286233
34777.23000000,0.01437800,1625681287005
34768.47000000,0.00353800,1625681287217
34768.47000000,0.01084100,1625681287217
34768.47000000,0.00291300,1625681287889
34784.13000000,0.01437900,1625681288297
34784.13000000,0.00622500,1625681288950
34784.13000000,0.01438000,1625681289229
34782.40000000,0.01437900,1625681290233
34783.94000000,0.01437900,1625681291229
34773.13000000,0.01437900,1625681292053
34765.59000000,0.01435100,1625681292220
34765.59000000,0.00948100,1625681292938
34772.36000000,0.01438400,1625681293233
34774.52000000,0.01438500,1625681294236
34772.36000000,0.00487200,1625681295235
34772.36000000,0.00951400,1625681295235
34772.36000000,0.03360800,1625681296031
34757.40000000,0.01438600,1625681296031
34744.02000000,0.01274400,1625681296206
34752.12000000,0.01438400,1625681297212
34748.15000000,0.00926600,1625681298211
34748.15000000,0.00511800,1625681298211
34748.15000000,0.02665500,1625681298979
34774.99000000,0.01438400,1625681299241
34774.99000000,0.03705400,1625681300072
34774.99000000,0.01438700,1625681300235
34753.60000000,0.01438700,1625681301078
34746.22000000,0.01438500,1625681301206
34746.22000000,0.00629400,1625681302066
34770.30000000,0.01438500,1625681302229
34756.78000000,0.01107400,1625681303239
34756.78000000,0.00278500,1625681303295
34762.29000000,0.01438700,1625681304237
34762.29000000,0.01004100,1625681305089
34762.29000000,0.01438700,1625681305232
34761.66000000,0.01438700,1625681306238
34755.55000000,0.00902300,1625681307258
34755.55000000,0.00536400,1625681307318
34743.41000000,0.00935400,1625681308217
34759.72000000,0.01438800,1625681309228
34759.72000000,0.01438900,1625681310238
34759.72000000,0.02380800,1625681310321
34759.27000000,0.01438900,1625681311228
34759.27000000,0.01438700,1625681312233
34755.23000000,0.01438700,1625681312338
34743.42000000,0.01438900,1625681313216
34762.27000000,0.01438900,1625681314232
34762.27000000,0.04150700,1625681314330
34742.86000000,0.01405100,1625681315206
34759.27000000,0.01438900,1625681316226
34759.27000000,0.02850300,1625681316342
34761.95000000,0.01438900,1625681317244
34762.28000000,0.01438700,1625681318237
34762.28000000,0.01438700,1625681319239
34762.28000000,0.01438500,1625681320232
34754.98000000,0.01438700,1625681321178
34743.98000000,0.01438700,1625681321208
34750.61000000,0.01438900,1625681323287
34740.30000000,0.01438900,1625681324219
34740.30000000,0.01438900,1625681325207
34740.30000000,0.00486000,1625681326207
34750.00000000,0.00952900,1625681326237
34738.17000000,0.01438900,1625681327217
34738.17000000,0.02097300,1625681327229
34756.66000000,0.01438900,1625681327229
34756.66000000,0.01438900,1625681328234
34757.24000000,0.01438900,1625681329235
34757.24000000,0.02323600,1625681329315
34757.24000000,0.01438900,1625681330232
34760.00000000,0.01438900,1625681331235
34748.84000000,0.01438900,1625681331382
34738.78000000,0.01438900,1625681332205
34756.66000000,0.01438900,1625681333233
34756.66000000,0.01438900,1625681334232
34756.67000000,0.01438900,1625681335232
34756.67000000,0.00255500,1625681336231
34755.68000000,0.01183400,1625681336231
34748.84000000,0.01419200,1625681337275
34736.70000000,0.01439000,1625681338221
34736.70000000,0.00223100,1625681338279
34736.70000000,0.01439100,1625681339228
34731.86000000,0.01439200,1625681340224
34752.00000000,0.01439400,1625681341234
34738.61000000,0.01439400,1625681341399
34727.11000000,0.01439100,1625681342208
34730.69000000,0.01329800,1625681343220
34729.96000000,0.00300100,1625681344212
34729.96000000,0.01139200,1625681344212
34729.96000000,0.01484100,1625681344288
34750.05000000,0.01439300,1625681345231
34751.16000000,0.01439300,1625681346233
34749.83000000,0.01439200,1625681347235
34751.16000000,0.01296900,1625681348232
34749.26000000,0.01439300,1625681349242
34749.26000000,0.04844400,1625681349359
34749.26000000,0.00843700,1625681350267
34735.76000000,0.01104200,1625681350302
34735.76000000,0.00335300,1625681350425
34725.00000000,0.01440000,1625681350425
34724.26000000,0.01439500,1625681351221
34724.26000000,0.02904500,1625681351301
34743.73000000,0.01273300,1625681352235
34743.73000000,0.02707400,1625681352308
34743.73000000,0.01304200,1625681353236
34733.60000000,0.01439600,1625681353294
34723.83000000,0.00661800,1625681354210
34726.35000000,0.00777800,1625681354210
34726.35000000,0.00490000,1625681354309
34743.73000000,0.01439600,1625681355239
34743.73000000,0.00555900,1625681356233
34742.93000000,0.00883700,1625681356233
34743.73000000,0.01439500,1625681357232
34735.82000000,0.01439500,1625681357649
34724.98000000,0.01439600,1625681358219
34742.94000000,0.01439500,1625681359233
34744.62000000,0.01439500,1625681360231
34735.82000000,0.01439500,1625681360757
34725.53000000,0.01439600,1625681361224
34742.94000000,0.01439600,1625681362248
34743.72000000,0.01439600,1625681363231
34734.03000000,0.01439600,1625681363776
34725.53000000,0.01439500,1625681364207
34727.34000000,0.01316700,1625681365215
34733.37000000,0.01439100,1625681366212
34735.83000000,0.01439000,1625681367208
34755.22000000,0.01439200,1625681368236
34742.49000000,0.01439200,1625681368779
34732.90000000,0.01439200,1625681369211
34753.24000000,0.01439100,1625681370232
34751.28000000,0.01439100,1625681371239
34751.24000000,0.01439100,1625681372239
34745.55000000,0.01439100,1625681372884
34736.49000000,0.00440400,1625681373208
34754.78000000,0.01439000,1625681374236
34757.24000000,0.01438900,1625681375229
34757.09000000,0.01034000,1625681376236
34757.09000000,0.00405000,1625681376236
34752.46000000,0.01439100,1625681377236
34745.56000000,0.01439100,1625681377902
34738.51000000,0.01438900,1625681378212
34769.35000000,0.01438500,1625681380235
34769.35000000,0.01438300,1625681381241
34774.99000000,0.01438000,1625681381847
34776.67000000,0.00769400,1625681382233
34764.55000000,0.01438300,1625681382791
34760.33000000,0.01438400,1625681383231
34778.63000000,0.01438200,1625681384239
34766.79000000,0.01438200,1625681385098
34756.48000000,0.01438200,1625681385210
34758.28000000,0.00539400,1625681386209
34766.85000000,0.00898800,1625681386298
34752.20000000,0.01438400,1625681387222
34763.69000000,0.01438700,1625681388253
34767.42000000,0.01438600,1625681389241
34758.03000000,0.01438600,1625681389920
34745.20000000,0.00355400,1625681390223
34745.20000000,0.01083300,1625681390223
34745.56000000,0.01438700,1625681391219
34745.29000000,0.01214900,1625681392223
34745.29000000,0.00223800,1625681392223
34745.29000000,0.02824100,1625681392808
34766.80000000,0.01438700,1625681393239
34766.78000000,0.00700800,1625681394244
34766.78000000,0.00737900,1625681394244
34770.27000000,0.00620500,1625681395234
34770.27000000,0.00818100,1625681395234
34770.27000000,0.04028100,1625681395832
34757.56000000,0.00244100,1625681395832
34757.56000000,0.01194500,1625681395947
34750.00000000,0.01438500,1625681396211
34750.00000000,0.01438500,1625681397211
34749.99000000,0.00805500,1625681398211
34749.99000000,0.00633000,1625681398211
34749.99000000,0.00373200,1625681399211
34766.70000000,0.01438500,1625681403240
34768.65000000,0.01438500,1625681404244
34765.00000000,0.01438600,1625681405237
34764.94000000,0.01438600,1625681406236
34764.94000000,0.05125000,1625681407010
34764.94000000,0.01438600,1625681407245
34764.56000000,0.01438600,1625681408237
34764.94000000,0.01438600,1625681409249
34764.47000000,0.01438600,1625681410238
34764.00000000,0.01438600,1625681411235
34764.00000000,0.01438600,1625681412239
34763.99000000,0.00284900,1625681413094
34763.99000000,0.01396600,1625681413239
34764.44000000,0.00365500,1625681414233
34764.44000000,0.00654400,1625681414233
34757.52000000,0.01438600,1625681414968
34750.00000000,0.01438600,1625681415210
34750.00000000,0.00503400,1625681416029
34750.00000000,0.01438600,1625681416210
34753.93000000,0.01438500,1625681417212
34754.27000000,0.01438400,1625681418210
34752.55000000,0.01438400,1625681419211
34750.00000000,0.01438600,1625681420222
34750.00000000,0.00719300,1625681420318
34750.00000000,0.00575400,1625681420929
34750.00000000,0.00975100,1625681421039
34766.79000000,0.01419200,1625681421236
34766.79000000,0.01336200,1625681421990
34757.13000000,0.01438600,1625681421990
34747.88000000,0.01385400,1625681422242
34747.88000000,0.01442600,1625681422992
34765.00000000,0.01438700,1625681423241
34764.56000000,0.01438700,1625681424237
34757.75000000,0.01397300,1625681425242
34757.75000000,0.02964500,1625681426005
34745.58000000,0.01439100,1625681426005
34739.39000000,0.01439100,1625681426213
34739.39000000,0.04702000,1625681427139
34739.39000000,0.01439000,1625681427211
34739.39000000,0.00464500,1625681428008
34758.70000000,0.01439000,1625681428238
34758.70000000,0.01439200,1625681429240
34758.70000000,0.00538200,1625681430259
34753.46000000,0.00900900,1625681430259
34755.64000000,0.01439300,1625681431237
34756.79000000,0.01439300,1625681432241
34752.56000000,0.01396700,1625681433233
34751.98000000,0.01439300,1625681434237
34751.98000000,0.02582200,1625681435223
34740.00000000,0.01439300,1625681435223
34740.00000000,0.01227600,1625681435223
34740.00000000,0.00211700,1625681435336
34725.03000000,0.01439500,1625681436225
34725.03000000,0.01439500,1625681437210
34726.84000000,0.01439400,1625681438212
34726.84000000,0.03370500,1625681438218
34749.90000000,0.00226700,1625681438238
34749.90000000,0.00595100,1625681439160
34730.01000000,0.01439400,1625681439215
34730.01000000,0.01439200,1625681440212
34732.47000000,0.01439300,1625681441221
34752.75000000,0.01439100,1625681443245
34752.75000000,0.02176600,1625681443329
34752.75000000,0.01439000,1625681444246
34752.75000000,0.02454500,1625681444271
34747.10000000,0.01439000,1625681444389
34735.76000000,0.01439100,1625681445222
34732.83000000,0.01439300,1625681446224
34732.83000000,0.03320400,1625681446274
34752.76000000,0.01439200,1625681447242
34754.26000000,0.01439200,1625681448238
34754.53000000,0.00233000,1625681449243
34754.53000000,0.01206200,1625681449243
34754.53000000,0.02638800,1625681449341
34754.53000000,0.01439200,1625681450237
34754.52000000,0.01439200,1625681451242
34751.40000000,0.01439200,1625681452237
34750.18000000,0.01439400,1625681453235
34750.18000000,0.01095200,1625681454241
34737.42000000,0.01439400,1625681454329
34728.47000000,0.00397800,1625681455211
34728.47000000,0.01041600,1625681455211
34730.07000000,0.01279000,1625681456216
34730.75000000,0.01439300,1625681457211
34731.64000000,0.01439100,1625681458215
34735.90000000,0.01391800,1625681459226
34735.90000000,0.02553200,1625681459568
34765.00000000,0.01438700,1625681460243
34765.00000000,0.01438600,1625681461240
34764.56000000,0.02889300,1625681461573
34757.11000000,0.01025700,1625681461573
34757.11000000,0.00412900,1625681461632
34744.35000000,0.01438600,1625681462226
34746.77000000,0.01438600,1625681463212
34747.71000000,0.01438600,1625681464214
34747.71000000,0.00413700,1625681465224
34747.71000000,0.01025000,1625681465224
34747.71000000,0.01438600,1625681466212
34746.77000000,0.00426200,1625681467227
34758.38000000,0.01438800,1625681469257
34758.38000000,0.01438800,1625681470240
34757.14000000,0.01438900,1625681471238
34757.14000000,0.01515600,1625681471543
34757.14000000,0.01438900,1625681472240
34759.37000000,0.01438800,1625681473244
34759.96000000,0.01438700,1625681474238
34752.85000000,0.01438800,1625681474579
34746.65000000,0.01438700,1625681475216
34744.64000000,0.01079900,1625681476230
34744.64000000,0.00358900,1625681476230
34744.64000000,0.01425500,1625681476471
34759.25000000,0.01438600,1625681477232
34759.25000000,0.02817200,1625681477820
34759.25000000,0.00583400,1625681478235
34753.22000000,0.01438800,1625681478296
34743.40000000,0.01438900,1625681479228
34741.06000000,0.00926900,1625681480213
34741.06000000,0.00512000,1625681480213
34741.06000000,0.00847700,1625681480576
34760.00000000,0.01438900,1625681481248
34757.63000000,0.01438900,1625681482234
34756.43000000,0.01438900,1625681483240
34756.43000000,0.02911100,1625681483782
34756.43000000,0.01438900,1625681484239
34756.42000000,0.01439000,1625681485360
34748.24000000,0.01439000,1625681485753
34740.72000000,0.01200100,1625681486241
34740.72000000,0.00238900,1625681486241
34740.72000000,0.03057900,1625681486641
34752.10000000,0.01403100,1625681487326
34752.10000000,0.04425100,1625681487640
34746.65000000,0.00212200,1625681487640
34746.65000000,0.01226800,1625681487752
34725.00000000,0.01353700,1625681487752
34722.22000000,0.01439700,1625681488277
34722.22000000,0.00617100,1625681488641
34741.83000000,0.01439600,1625681489266
34741.83000000,0.01439600,1625681490262
34743.08000000,0.01439600,1625681491262
34743.08000000,0.01756400,1625681491709
34743.08000000,0.01439600,1625681492261
34743.08000000,0.01194500,1625681492653
34733.01000000,0.01439600,1625681492771
34722.64000000,0.00965900,1625681493218
34733.01000000,0.00473700,1625681493652
34722.64000000,0.00981700,1625681494218
34722.64000000,0.00457900,1625681494218
34722.64000000,0.00997500,1625681495226
34751.00000000,0.01439300,1625681496263
34751.00000000,0.01439400,1625681497268
34738.51000000,0.01439400,1625681497786
34729.90000000,0.01439300,1625681498220
34750.21000000,0.01439300,1625681499263
34750.12000000,0.01439300,1625681500268
34750.12000000,0.02815200,1625681500746
34750.12000000,0.01439300,1625681501261
34748.05000000,0.01439500,1625681502275
34742.40000000,0.01439500,1625681503269
34743.56000000,0.01439600,1625681504266
34733.06000000,0.01439600,1625681504911
34724.09000000,0.01439600,1625681505220
34724.57000000,0.01439600,1625681506219
34745.21000000,0.01439600,1625681507267
34733.08000000,0.00448300,1625681507919
34733.08000000,0.00991300,1625681507975
34726.67000000,0.01439600,1625681508219
34728.05000000,0.00261900,1625681509219
34728.05000000,0.01031000,1625681509219
34743.83000000,0.01439600,1625681510262
34743.55000000,0.01439300,1625681511267
34747.29000000,0.01439500,1625681512266
34748.00000000,0.01198400,1625681513265
34748.00000000,0.00241000,1625681513265
34748.00000000,0.02396800,1625681513911
34737.45000000,0.01439400,1625681513911
34731.66000000,0.00924000,1625681514221
34731.66000000,0.00515400,1625681514221
34729.53000000,0.01290200,1625681515220
34729.53000000,0.01439400,1625681516220
34729.50000000,0.00382700,1625681517220
34729.50000000,0.01056700,1625681517220
34731.67000000,0.01439400,1625681518220
34730.19000000,0.00502000,1625681519224
34737.47000000,0.00244000,1625681519923
34737.47000000,0.00688100,1625681520925
34750.29000000,0.01439400,1625681523264
34750.29000000,0.01439400,1625681524265
34747.56000000,0.01439400,1625681525266
34748.47000000,0.01439400,1625681526262
34748.47000000,0.05114500,1625681527014
34748.47000000,0.01439500,1625681527270
34736.68000000,0.01439500,1625681528010
34726.91000000,0.01439500,1625681528221
34726.91000000,0.02044800,1625681528954
34745.40000000,0.01439500,1625681529274
34745.40000000,0.01439500,1625681530265
34743.50000000,0.01439400,1625681531263
34737.42000000,0.01439400,1625681532163
34729.25000000,0.01439500,1625681532244
34744.30000000,0.01439500,1625681533264
34743.51000000,0.00448200,1625681534266
34743.51000000,0.01439500,1625681535265
34743.51000000,0.02546500,1625681535423
34735.83000000,0.01439500,1625681535423
34729.51000000,0.01439500,1625681536219
34743.51000000,0.01439400,1625681537267
34748.47000000,0.01439300,1625681538264
34748.48000000,0.01439400,1625681539266
34746.27000000,0.01439400,1625681540276
34738.29000000,0.01439400,1625681540550
34729.91000000,0.01439400,1625681541243
34748.46000000,0.01439400,1625681542267
34737.41000000,0.01439400,1625681542561
34725.86000000,0.01439500,1625681543243
34744.06000000,0.01439500,1625681544269
34735.84000000,0.01439500,1625681544586
34726.95000000,0.01439500,1625681545244
34743.51000000,0.01439500,1625681546263
34743.51000000,0.01439500,1625681547265
34743.51000000,0.00699000,1625681547417
34734.38000000,0.01439500,1625681548304
34725.86000000,0.01439500,1625681549222
34725.86000000,0.03367400,1625681549307
34725.86000000,0.01439400,1625681550221
34730.18000000,0.01280100,1625681551220
34731.10000000,0.01439400,1625681552248
34746.96000000,0.01439100,1625681553270
34753.06000000,0.01439000,1625681554270
34756.06000000,0.01439000,1625681555269
34755.17000000,0.01439000,1625681556266
34755.10000000,0.01439000,1625681557268
34747.55000000,0.01439000,1625681557490
34737.31000000,0.01439000,1625681558223
34734.50000000,0.00810300,1625681559248
34734.50000000,0.00628900,1625681559248
